3080 4960
741 441 775 494 31

209 627 283 677 rara
305 611 432 678 utamur
452 611 581 692 medela,
603 631 685 679 nuno
707 613 832 698 quidem
853 616 970 695 neseio;
993 615 1112 681 certum
1134 615 1237 682 autem
1259 615 1307 681 est

210 719 242 786 et
263 718 319 786 hos
340 737 447 786 remus
471 722 504 786 et
524 739 575 786 eos
597 723 651 805 qui
677 723 824 804 leguntur
845 723 917 790 inde
938 743 958 789 a
979 725 1018 789 31
1042 724 1083 790 ah
1104 723 1306 790 histrionibus

210 829 243 894 in
269 847 338 895 eam
371 847 466 913 quam
493 831 633 897 tenemus
659 830 791 897 sormam
820 831 961 898 redactos
990 851 1063 910 asse,
1096 834 1133 898 ut
1162 851 1304 899 scaenam

210 937 362 1004 dramatis
388 938 521 1005 Athenis
547 938 761 1006 Marathonem
789 941 995 1007 transferrent
1003 939 1038 1024 ¹).
1071 973 1111 988 -
1144 941 1203 1007 Sed
1235 941 1305 1007 illos

210 1048 331 1132 prologi
357 1066 462 1114 versus
489 1048 599 1114 multis
626 1049 696 1115 aliis
724 1049 866 1117 laborare
887 1051 1126 1117 difficultatibus
1148 1069 1230 1116 nuno
1250 1050 1305 1116 de·

210 1157 398 1224 monstrabo.
443 1157 491 1224 Aa
512 1157 647 1241 primum
675 1159 798 1243 quidam
828 1159 1018 1226 infinitivum
1047 1158 1306 1247 προσωφελῆσαι
1374 1193 1380 1210 ·

210 1265 409 1334 nullomodo
430 1266 504 1333 torri
524 1285 612 1351 porra
634 1269 699 1334 iam
719 1286 813 1352 snpra
835 1269 957 1346 monui3
991 1262 1081 1353 ἐγγύς
1101 1269 1184 1352 apud
1208 1269 1305 1351 scrip

209 1375 292 1440 tores
304 1373 428 1441 Attinas
452 1393 524 1440 oum
545 1375 690 1460 genetivo
712 1377 923 1459 coniungitur,
946 1376 1012 1442 sive
1034 1376 1190 1459 propriam
1211 1377 1306 1444 hahet
1376 1447 1386 1456 ,

210 1481 296 1564 (Eur.
317 1481 443 1549 Heraal
466 1484 537 1549 815.
560 1485 623 1549 904
644 1485 717 1567 eto.)
744 1484 809 1550 siae
831 1483 1017 1550 translatam
1045 1483 1305 1567 significationem

209 1591 333 1675 (desah.
347 1590 455 1675 Suppl.
470 1591 542 1658 373.
564 1592 623 1675 irg.
646 1592 715 1658 137.
734 1591 791 1658 Ar.
808 1594 868 1659 hv.
885 1593 977 1658 1666.
998 1593 1080 1659 Plat.
1104 1595 1184 1677 apol.
1205 1612 1233 1676 p.
1247 1596 1305 1660 30·

209 1701 291 1786 lagg.
314 1700 359 1765 vl
395 1719 424 1783 p.
448 1700 537 1767 7740.
584 1701 679 1784 Hipp.
709 1702 782 1768 mai.
815 1721 845 1784 p.
873 1701 956 1768 304⁶
988 1701 1089 1781 atala
1124 1697 1306 1788 σύγαληραν

210 1803 331 1890 χθόνα,
366 1809 450 1895 quod
481 1809 521 1876 ad
553 1809 740 1878 senmntiam
773 1810 997 1878 obscurandam
1032 1811 1073 1879 ad
1106 1811 1305 1894 Μαραθῶνα

211 1919 366 1988 adiectum
388 1918 520 1997 ridetur,
542 1917 719 2003 signidoara
737 1919 830 1985 dehet
854 1919 988 1998 „terram
1004 1919 1202 2005 finitimam“,
1225 1940 1305 2005 quae

210 2029 313 2096 tamen
334 2027 421 2094 notio
442 2045 504 2093 non
525 2028 677 2110 reperitur
701 2027 761 2092 nisi
782 2027 865 2110 apud
889 2027 1083 2094 Nicandrum
1105 2027 1158 2094 ΑΙ.
1183 2031 1209 2109 1,
1242 2029 1304 2095 lin·

209 2156 289 2220 guae
315 2135 452 2204 Graecae
476 2136 721 2220 depravatorem.
771 2135 880 2220 Neque
906 2137 983 2202 duos
1011 2138 1119 2204 Thesei
1146 2137 1227 2205 lilios
1257 2159 1305 2205 re·

209 2263 323 2330 gnasse
340 2245 375 2311 in
391 2246 497 2314 Attiou
519 2247 639 2328 praetor
661 2247 743 2310 huno
766 2245 869 2312 lenum
890 2246 1006 2312 alieubi
1028 2247 1186 2328 audimus;
1208 2248 1303 2314 immo

210 2374 304 2422 unum
328 2352 422 2420 fuisse
443 2354 541 2420 totius
553 2342 679 2420 Atticae
692 2372 797 2438 regem
811 2354 934 2437 egregie
956 2353 1115 2438 signifieat
1129 2373 1158 2420 ι.
1173 2357 1233 2420 114
1242 2374 1303 2439 sq.:

250 2466 355 2530 ΚΗΡ.
396 2461 447 2540 τίς
467 2460 495 2528 d'
519 2460 589 2528 ἐστὶ
609 2455 736 2544 χώρας
754 2462 871 2549 τῆσδε
894 2461 958 2527 καὶ
978 2457 1133 2540 πόλεως
1153 2452 1249 2546 ὅνοξι

250 2573 322 2640 XO.
400 2570 524 2638 ἐσθλοῦ
546 2566 673 2653 πατρὸς
694 2575 775 2649 παῖς
796 2571 966 2656 Δημοφῶν
987 2567 1006 2638 ὁ
1031 2572 1173 2657 Θησέως.

209 2682 255 2749 At
286 2682 441 2762 histrioni,
473 2680 527 2765 qui
560 2699 703 2748 soaenam
731 2680 947 2747 Marathonem
979 2681 1153 2762 transtulit,
1185 2684 1304 2766 quanto

211 2791 279 2856 usui
300 2791 395 2856 fuerit
415 2791 493 2858 duos
518 2791 645 2856 Atticae
666 2807 751 2872 reges
771 2791 918 2870 statuero,
952 2791 1087 2857 alterum
1108 2791 1303 2858 Athenarum

210 2900 304 2983 urhis,
335 2901 469 2968 alterum
492 2899 688 2983 Tetrapolaos
710 2918 800 2965 nemo
821 2918 882 2965 non
907 2899 1037 2982 videt2).
1079 2900 1188 2984 Neque
1214 2919 1304 2984 syno-

208 3027 371 3094 nymorum
392 3008 550 3092 τέρμονας
574 3044 609 3055 -
630 3002 709 3088 ὅρον
729 3008 863 3074 altorum
884 3009 1062 3076 oonieatura
1083 3010 1302 3077 removendum

207 3119 326 3195 iudieo;
365 3138 466 3185 nonne
501 3117 736 3202 interpolatores
774 3117 854 3183 idem
886 3118 947 3184 sihi
979 3137 1154 3186 aonamsere
1182 3118 1235 3186 Or.
1265 3121 1303 3186 13

207 3221 293 3312 (ἔριν
317 3263 348 3274 -
375 3219 536 3311 πόλεμον)
559 3229 590 3293 et
614 3227 680 3292 Ion.
705 3227 746 3290 22
778 3220 928 3311 (φροορώ
951 3263 981 3271 -
1011 3220 1193 3312 φύλακας)7
1243 3228 1302 3294 Sed

208 3337 375 3420 antequam
400 3336 439 3402 de
467 3337 534 3402 toto
564 3335 632 3402 loeo
661 3335 848 3402 sententiam
879 3353 979 3400 meam
1012 3335 1126 3418 dicam,
1158 3335 1220 3402 duo
1248 3337 1303 3403 alii

209 3465 315 3513 versus
337 3445 495 3512 hortandi
517 3444 600 3511 sunt.
623 3445 737 3510 Versus
759 3444 841 3510 enim
863 3444 904 3508 31
927 3444 959 3508 et
980 3445 1019 3510 51

406 3551 515 3640 πάσης
536 3553 573 3622 δὲ
591 3549 698 3636 χώρας
715 3546 872 3630 Ἑλλάδος
890 3545 1073 3638 τητώμενοι

405 3657 516 3749 πάσης
535 3663 649 3752 ἀλῆται
670 3665 727 3749 γῆς
747 3660 1006 3748 ἀπεστερημένοι

208 3775 248 3841 ah
269 3773 417 3857 Euripide
443 3773 475 3840 in
499 3773 606 3840 eodem
627 3772 756 3858 prologo
777 3773 909 3856 soriptos
930 3772 1025 3840 luisse
1046 3791 1137 3840 nemo
1158 3773 1234 3856 puto
1255 3773 1303 3840 al·

211 3947 407 3962 ᾖ

309 4027 336 4100 1)
355 4027 462 4086 Nomen
479 4027 653 4086 Marathonis
675 4027 730 4084 nisi
748 4045 776 4084 ι.
790 4029 825 4084 32
842 4027 872 4082 in
889 4031 950 4084 tata
968 4027 1063 4082 sabula
1082 4043 1138 4082 non
1156 4023 1304 4096 reperitur.

306 4125 336 4196 2)
354 4125 467 4180 κλεινῶν
483 4121 617 4194 Ἀθηνῶν
636 4121 711 4180 ro'ad'
733 4121 803 4195 ὅρον
825 4143 852 4180 v.
872 4127 907 4180 33
932 4125 979 4180 illa
998 4125 1039 4180 ita
1058 4123 1184 4195 intellegi
1204 4121 1303 4180 voluit.

208 4225 242 4278 at
258 4225 347 4280 totam
365 4223 491 4280 Attidem
511 4223 751 4294 eompleotaretar.
790 4221 872 4280 Alter
890 4222 1004 4280 Attieae
1031 4238 1080 4278 rex
1104 4223 1229 4292 sumptus
1258 4221 1301 4272 eat

210 4334 268 4374 er.
290 4317 342 4374 113
359 4337 400 4390 aq.
