3080 4960
116 667 118 670 Ι
242 581 393 649 radicitus
415 584 553 651 evellisse
574 587 660 668 puto.
702 585 846 653 Primum
867 584 1125 670 raldedisplicet,
1147 585 1231 670 qaod
1251 603 1280 652 v.
1295 588 1336 652 36

242 710 409 774 pronomen
435 693 601 760 relativum
622 687 658 772 ἅ,
694 695 775 777 quod
804 694 921 760 lectum
950 695 1122 777 nuptialem
1141 693 1337 778 Neoptolemi

242 800 409 884 significat,
430 801 563 868 refertur
582 802 623 868 ad
645 804 739 870 verba
753 793 903 887 τάκείνης
917 801 1043 884 λέκτρα,
1065 821 1145 886 quae
1165 822 1220 886 pro
1240 803 1337 886 ipsius

242 909 430 976 Hermionae
450 911 573 976 nomine
593 911 694 994 posita
722 912 810 978 sunt:
846 931 885 978 ne
914 913 972 978 boc
997 912 1121 995 quidem
1146 913 1237 1006 poeta
1261 913 1338 979 satis

242 1021 318 1085 bene
339 1018 417 1084 mihi
438 1019 609 1088 instituisse
631 1020 763 1086 ridetur.
806 1020 887 1102 erid
908 1022 1067 1104 praeterea
1086 1021 1147 1088 sibi
1169 1023 1237 1088 vult
1257 1022 1337 1090 illnd

242 1125 458 1194 iusiurandum
484 1144 512 1192 v.
534 1128 591 1193 37:
626 1121 710 1204 Ζεύς
736 1119 806 1192 τάδ’
834 1122 934 1212 εἰδείη
959 1125 1071 1211 μέγας,
1103 1145 1178 1212 quo,
1213 1129 1241 1194 si
1266 1147 1336 1195 cum

243 1237 283 1303 N.
305 1255 334 1302 v.
357 1237 398 1302 38
419 1235 564 1315 delemus,
597 1237 819 1303 Andromacha
842 1255 935 1321 quam
957 1238 1091 1304 mammo
1113 1239 1207 1305 verba
1232 1239 1289 1304 νῦν
1307 1238 1335 1318 d

242 1344 415 1412 dtte'tccnc
437 1344 598 1412 affirmati
640 1345 748 1430 Neque
770 1346 853 1412 enim
875 1346 1046 1412 Hermiona
1067 1346 1242 1431 dubitabat,
1261 1348 1336 1432 quin

242 1455 297 1520 illo
331 1456 467 1538 ternpore
498 1452 718 1522 Andromacha
752 1474 773 1520 a
807 1455 889 1520 lecto
922 1454 1120 1539 Neoptolemi
1154 1456 1335 1536 recessisset,

243 1564 355 1648 quippe
376 1563 597 1647 Neoptolemus
621 1562 688 1646 ipse
713 1582 781 1629 eam
802 1564 998 1630 recusaverat
1019 1563 1061 1649 (v.
1083 1563 1154 1650 30);
1180 1566 1248 1632 boc
1268 1565 1336 1631 iure

242 1672 373 1738 iurando
404 1671 624 1740 stabiliendum
655 1673 725 1739 erat
755 1673 869 1740 falsum
898 1691 963 1740 esse
991 1673 1179 1742 Hermionae
1210 1671 1335 1755 crimen,

243 1802 322 1868 quae
346 1781 599 1850 Andromacham
627 1783 748 1850 ortibus
780 1781 910 1866 magicis
938 1781 971 1848 id
999 1782 1103 1850 moliri
1134 1782 1267 1863 dicebat,
1300 1782 1336 1846 nt

243 1892 464 1976 Neoptolemus
485 1890 757 1974 serepudieret1).
799 1892 911 1975 Itaque
940 1891 1061 1972 praeter
1086 1909 1116 1956 v.
1134 1891 1175 1955 38
1201 1889 1336 1956 maxima
1471 1935 1474 1941 ,

245 2000 329 2068 cadit
343 1999 477 2083 suspicio
491 2000 523 2066 in
546 2019 576 2064 v.
591 2000 632 2064 36
647 1999 677 2063 et
691 1999 742 2076 37,
765 2017 863 2081 neque
887 1999 977 2064 verba
998 1987 1066 2061 ἀλλ’
1089 1997 1130 2063 οὔ
1140 2019 1204 2084 σφε
1221 1996 1336 2066 πείθω

244 2129 272 2175 v.
287 2111 338 2188 39,
362 2126 432 2174 curn
455 2127 516 2172 non
531 2109 595 2174 iarn
610 2106 753 2186 habeant,
776 2126 837 2190 quo
851 2107 1035 2191 referantur,
1057 2106 1184 2173 tolerari
1198 2109 1336 2189 possunt.
1425 2169 1430 2179 ,

195 2252 198 2260 -
244 2217 450 2300 Quamobrem
471 2217 533 2282 buc
554 2233 651 2298 usque
674 2214 945 2298 interpolationem
962 2215 1114 2296 pertinere
1128 2214 1241 2281 iudico.
1277 2213 1338 2282 Sed
1468 2279 1473 2291 ,

243 2327 298 2394 ubi
318 2325 444 2392 initium
465 2325 578 2408 capiat,
612 2322 781 2405 quaeritur.
826 2321 903 2390 Cum
925 2322 1031 2388 autom
1053 2323 1117 2389 iam
1139 2325 1232 2390 antea
1252 2324 1338 2390 vitu·

122 2510 123 2516 ,
243 2434 413 2518 persverim
435 2452 465 2499 v.
487 2435 537 2518 35,
560 2433 646 2500 eliud
667 2432 756 2498 addo.
799 2433 834 2500 V.
853 2434 892 2498 31
913 2431 989 2498 dicit
1004 2431 1223 2501 Andromacha
1244 2453 1276 2499 sc
1297 2433 1337 2501 ab

242 2544 411 2612 Hermiona
437 2541 597 2624 σχετλίσις
622 2544 734 2622 κακοῖς
760 2541 895 2628 agitari3
929 2561 1007 2628 quae
1033 2543 1137 2610 autern
1164 2543 1221 2609 illa
1252 2543 1336 2610 mala

242 2655 314 2733 sint,
347 2672 409 2721 non
431 2653 507 2719 satis
529 2651 666 2734 apparet.
709 2650 818 2715 Voluit
840 2651 946 2716 tamen
971 2649 1132 2734 Euripides
1155 2651 1220 2717 sine
1243 2649 1336 2718 dubio

241 2764 317 2829 haec
337 2761 398 2828 duo
419 2780 496 2828 esse:
518 2759 706 2842 calumniam
729 2757 917 2824 Hermionae
937 2760 969 2824 et
986 2759 1143 2826 occidendi
1162 2758 1335 2828 consilium.

241 2872 353 2956 Itaque
376 2869 545 2938 necessario
567 2868 667 2936 artius
688 2867 896 2952 coniungendi
919 2871 992 2936 sunt
1014 2888 1042 2935 v.
1066 2871 1107 2936 32
1129 2870 1160 2935 et
1181 2872 1231 2950 39,
1254 2870 1336 2952 quod

242 2980 309 3046 lieri
331 2998 419 3064 posse
440 2980 515 3062 puto
537 2979 595 3045 boc
616 2997 677 3044 uno
700 2977 805 3044 modo:

377 3091 417 3156 32
460 3087 544 3172 λέγει
565 3082 625 3172 γὰρ
648 3080 694 3165 σῖς
716 3111 764 3152 νιν
785 3080 973 3174 φαρμάκοις
994 3084 1226 3172 κεκρυμμένοις
1260 3101 1262 3106 “

305 3201 356 3278 33,
377 3199 418 3264 39
459 3195 574 3283 τίθημ’
595 3194 727 3277 ἄπαιδα,
748 3191 905 3278 βούλεται
928 3192 965 3261 δέ
984 3218 1026 3278 με
1047 3197 1175 3260 κτανεῖν

461 3299 570 3390 πατήρ
593 3328 627 3370 τε
649 3302 789 3390 θυγατρὶ
810 3302 984 3384 Μενέλεως
1006 3302 1127 3392 συνὸρᾷ
1147 3298 1234 3370 τάδε.

243 3417 303 3486 Sed
328 3417 460 3484 fortasse
481 3415 690 3497 vituperabat,
721 3413 896 3498 quodcum
926 3414 993 3480 loco
1022 3413 1209 3496 interpolato
1243 3412 1337 3480 etiarn

244 3527 409 3612 Euripidae
432 3525 603 3592 reciderim.
648 3525 766 3590 Tamen
791 3524 906 3607 optime
936 3524 1010 3605 puto
1037 3541 1086 3588 me
1109 3523 1278 3589 liberatum
1299 3522 1338 3586 iri

243 3637 282 3702 ab
306 3637 364 3702 bac
386 3635 566 3718 suspicione,
597 3634 623 3698 si
644 3635 828 3717 comparabo
851 3651 920 3698 curn
942 3632 1048 3699 nostm
1069 3630 1137 3697 loco
1161 3631 1337 3714 gemellum,

245 3747 298 3830 qui
319 3745 433 3830 legitur
455 3743 560 3828 paullo
581 3746 651 3826 post
672 3763 703 3807 v.
726 3746 785 3808 156
807 3762 869 3826 τρε

392 3848 514 3936 δόμους
535 3855 706 3934 κατασχεῖν
728 3851 893 3934 ἓκβαλοῦσ’
917 3845 1000 3937 ἡμᾶς
1021 3847 1133 3926 θέλεις

391 3959 513 4041 accede,
537 3963 715 4047 πυροῦμαι
736 3961 765 4026 δ’
787 3953 880 4044 ἀνδρὶ
901 3952 1103 4047 φαρμάκοισι
1128 3960 1210 4038 σοῖς,

394 4066 493 4156 spots
512 4071 542 4138 δ’
561 4061 695 4154 ἆκύμαιν
715 4064 771 4138 ded
792 4069 829 4135 σε’
850 4093 908 4152 μοι
929 4062 1103 4136 διόλλυται.

344 4292 371 4362 1)
389 4291 452 4348 Non
469 4291 642 4363 neglegenda
661 4295 703 4346 est
721 4309 747 4345 v.
768 4291 803 4344 36
821 4307 847 4345 v.
865 4289 883 4343 b
901 4284 932 4342 τὸ
951 4289 1061 4358 πρῶτον
1079 4291 1108 4343 et
1125 4283 1155 4340 τὸ
1174 4279 1311 4356 πρόσθεν.
