3080 4960
166 615 291 682 modom
321 615 481 682 Hooubam
512 617 544 681 in
574 615 708 682 tentorio
747 615 990 698 Agamemnonis
1020 612 1138 681 versari
1175 615 1263 696 pute-

166 727 277 803 mns1).
304 761 338 772 -
363 725 483 790 Itomm
504 723 688 790 offendimur
709 742 739 790 r.
760 724 811 788 47.
833 724 874 788 48

315 844 500 936 φανήσομαι
520 844 597 933 γάρΓ
613 842 787 936 rigodem
808 843 939 938 τλήμων
960 842 1057 931 τύχω,

315 954 433 1046 δούλης
454 959 569 1024 ποδῶν
595 953 761 1041 πάροιθεν
783 956 817 1024 ἐν
837 955 1013 1043 κλυδωνίῳ.

166 1087 294 1156 Falsum
317 1087 401 1152 enim
417 1088 463 1153 est
476 1079 662 1174 φανήσομαι
677 1085 714 1152 de
736 1105 888 1169 corpore
903 1083 1049 1169 Polydori
1063 1086 1263 1167 usurpatum3

167 1197 326 1280 sepultura
349 1197 463 1275 autom,
486 1215 566 1279 quae
587 1196 619 1260 in
640 1195 688 1260 his
711 1193 848 1260 versibus
864 1194 1132 1277 commemoratur,
1154 1193 1229 1258 stati

167 1305 248 1372 redit
270 1324 299 1370 v.
321 1303 372 1380 50,
408 1303 462 1369 ubi
488 1301 588 1368 multo
610 1302 720 1370 melius
748 1303 787 1368 ad
815 1301 984 1368 inferorum
1008 1301 1079 1366 deos
1107 1300 1263 1383 quemad

167 1414 269 1497 ipsum
291 1411 481 1496 Polydorum
501 1411 644 1477 refertur.
686 1411 754 1476 Hos
775 1429 898 1494 quoque
913 1427 1018 1476 versus
1031 1411 1156 1493 propter
1170 1409 1264 1476 verba

167 1515 302 1599 πάθους
323 1521 414 1606 plana
438 1513 484 1598 ὥς
509 1514 616 1608 τάφου
643 1514 774 1610 τλήμων
798 1514 888 1602 τύχω
917 1521 957 1586 ab
983 1519 1185 1584 histrionibus
1215 1519 1265 1582 in-

168 1629 305 1696 ouloatos
326 1649 391 1696 osse
412 1630 524 1695 iudico.
568 1629 687 1711 Quibus
708 1631 816 1695 deletis
840 1629 962 1713 egregie
985 1627 1149 1692 cohaerent
1170 1645 1200 1691 v.
1221 1626 1264 1690 46

168 1741 199 1804 et
223 1739 281 1803 49:
304 1737 466 1805 Hecubam
489 1739 572 1804 enim
594 1739 769 1824 Polyxenae
791 1737 971 1804 immolatae
993 1755 1103 1819 eorpus
1126 1735 1264 1801 visuram

168 1865 222 1929 per
250 1865 282 1913 se
307 1847 385 1913 satis
414 1850 557 1932 apparet;
590 1851 644 1933 qui
666 1850 730 1930 fiat,
764 1851 801 1914 ut
827 1849 974 1933 Polydori
1003 1865 1125 1930 quoque
1154 1865 1264 1930 corpus

169 1957 275 2023 visura
294 1955 347 2036 sit,
369 1976 398 2023 v.
420 1958 472 2022 49.
487 1960 528 2024 50
549 1959 714 2040 explicant.
729 1995 770 2005 -
786 1957 911 2024 Ceterae
929 1957 1050 2041 prologi
1072 1957 1175 2039 partes
1189 1956 1265 2020 bene

169 2065 348 2151 proooduut
371 2067 431 2132 nisi
449 2067 529 2150 quod
554 2088 582 2132 v.
604 2069 729 2158 55—58

319 2192 404 2282 φεῦ·

319 2285 347 2364 αί
366 2307 478 2390 μῆτερ,
500 2293 571 2388 ἥτις
592 2296 628 2363 ἐκ
649 2300 846 2380 τυραννικῶν
866 2291 979 2381 δόμων

321 2511 463 2599 ὅσονπερ
486 2501 523 2580 εὖ
544 2514 639 2580 ποτ’·
662 2504 883 2599 ἅνποηνώοας
903 2513 940 2578 δέ
960 2534 998 2579 σε

320 2623 456 2715 φθείρει
477 2626 569 2689 θεῶν
590 2646 641 2701 τις
662 2623 720 2712 τῆς
742 2618 880 2708 πάροιθ’
902 2613 1084 2705 εὐπραξίας

173 2750 268 2836 spurii
304 2753 388 2818 sunt.
442 2751 562 2818 Notum
598 2750 644 2815 est
678 2749 760 2815 enim
794 2768 939 2832 personas
973 2749 1112 2834 tragicas
1145 2747 1198 2812 ubi
1231 2749 1264 2812 in

171 2881 311 2928 scaenam
333 2860 437 2926 venire
459 2859 621 2926 nuntiatae
646 2861 720 2924 sunt
744 2877 838 2941 qnam
860 2858 1016 2923 celerrime
1042 2855 1177 2940 prodire,
1212 2856 1265 2922 ubi

170 2989 202 3036 so
222 2970 361 3036 abituras
382 2969 534 3048 dixerunt,
561 2987 653 3051 quam
676 2968 833 3032 celerrime
853 2985 964 3032 scaena
986 2965 1137 3032 excedere.
1181 2964 1265 3048 Quas

170 3079 253 3164 leges
277 3098 312 3146 ex
338 3079 405 3162 ipsa
427 3097 529 3144 rerum
553 3079 666 3143 natura
689 3076 843 3160 profectas
864 3071 1022 3142 interdum
1045 3077 1084 3142 ab
1105 3073 1267 3141 histrioni-

171 3188 227 3254 bus
246 3187 403 3272 negleotas
425 3205 489 3252 esse
500 3187 679 3252 Wheelerus
694 3185 814 3252 duobus
830 3183 975 3268 exemplis
988 3185 1071 3266 (Alo.
1084 3186 1267 3264 aas-2433

170 3296 261 3364 Hero.
285 3295 466 3379 baa-636)
499 3296 643 3380 probauit
675 3295 755 3378 (1.1.
787 3314 815 3378 p.
842 3297 883 3361 30
902 3314 948 3380 sq.
976 3296 1008 3360 et
1035 3296 1076 3360 66
1094 3297 1163 3377 so).
1207 3292 1267 3362 Sed

172 3408 291 3486 praetor
312 3409 531 3492 argumentum
553 3407 664 3472 homm
687 3407 837 3490 quattuor
859 3422 1002 3470 versuum
1024 3403 1209 3469 vilissimum
1232 3421 1269 3468 ao

173 3516 372 3582 vanissimum
404 3515 496 3582 etiam
523 3516 593 3598 ipsa
626 3515 777 3582 voeabula
807 3513 984 3580 aoouratius
1018 3531 1144 3578 exoussa
1173 3510 1270 3577 ialsa·

172 3625 253 3690 rium
284 3625 428 3708 produnt.
469 3625 506 3690 ln
534 3626 635 3691 verbis
666 3624 748 3692 enim
779 3617 849 3708 ἥτις
871 3618 908 3687 ὲκ
935 3619 1134 3706 τυραννικῶν
1158 3615 1270 3702 δόμων

171 3726 320 3798 δούλειον
340 3717 426 3817 ἦμαρ
448 3721 534 3810 εἶδες
562 3733 676 3800 abusus
698 3733 745 3798 est
767 3730 923 3798 locutione
953 3729 1084 3812 tmgioo‚
1119 3729 1267 3814 quoniam

170 3839 250 3908 duas
271 3841 423 3926 imagines
438 3861 565 3925 prorsus
579 3843 717 3908 diversas
740 3840 944 3906 commiscuit.
980 3838 1062 3920 Quid
1085 3856 1170 3904 voro
1192 3837 1271 3902 sori·

171 3949 306 4016 bendum
329 3951 424 4016 fuerit
445 3956 553 4035 poetae
575 3951 650 4018 bene
671 3951 848 4016 monstrant
868 3947 928 4013 duo
949 3947 1086 4030 exempla
1101 3945 1270 4014 aWeolrli·

171 4059 223 4127 nio
244 4059 343 4128 allata
365 4059 413 4126 El.
436 4062 497 4127 305
517 4079 563 4144 sq.
587 4053 655 4124 ὑπὸ
677 4054 853 4143 στέγαισί
874 4079 913 4122 τε
941 4055 1079 4123 οἵαισι
1101 4051 1182 4120 ναίω
1202 4055 1267 4136 βα-

274 4311 302 4382 1)
320 4313 410 4384 Leges
429 4313 513 4368 velim
532 4314 626 4369 Weilii
643 4313 863 4370 adnotationem.
