3080 4960
738 399 774 453 44

309 597 376 700 Sed¹
393 598 433 664 ad
455 599 618 682 prologum
640 597 826 677 recedamus,
850 597 904 682 qui
925 597 997 663 inde
1020 615 1084 662 av.
1096 599 1137 663 28
1148 595 1302 680 Apollinis

209 726 300 774 curas
321 709 357 772 ut
379 709 517 774 servetur
538 707 641 772 infans
663 712 797 772 ananan
840 706 877 771 V.
901 708 941 771 30

358 833 492 898 κλεινῶν
512 825 683 918 Ἀθηνῶνι
706 823 809 898 οἶσθα
830 825 888 915 γάρ
911 833 994 909 θεάς
1015 825 1132 897 πόλιν·

209 957 431 1024 Herwerdcnus
455 960 499 1040 „si
521 959 670 1038 abesset‘,
692 959 795 1042 inquit
820 976 899 1040 „non
920 957 1137 1042 requirerem“.
1182 958 1301 1024 Iustam

209 1068 313 1132 autem
326 1065 494 1133 damnandi
511 1087 638 1134 causam
652 1067 757 1133 adesse
772 1067 913 1151 equidem
928 1067 979 1132 vix
994 1066 1083 1132 eredo
1098 1085 1195 1150 neque
1217 1066 1303 1132 urbis

210 1194 320 1241 nomen
341 1175 483 1242 additum
506 1178 634 1243 moleste
654 1177 728 1244 fero.
758 1177 803 1241 At
818 1176 986 1242 certissime
1000 1175 1145 1241 delendus
1160 1177 1207 1242 est
1221 1195 1250 1242 r.
1263 1177 1303 1241 32

283 1373 286 1382 Ι
380 1291 469 1386 αὐτῷ
492 1295 551 1366 σὸν
571 1291 659 1386 άγγει
681 1294 895 1386 σπαργάνοισί
916 1302 953 1366 θ’
976 1289 1030 1377 οἷς
1051 1295 1127 1380 ἔχει,

210 1444 302 1508 quern
323 1426 538 1509 interpolator,
572 1447 610 1493 ne
632 1427 707 1512 quid
729 1428 871 1494 omittere
893 1426 1048 1494 videretur
1067 1426 1214 1510 tragiceu,
1248 1425 1305 1492 ad-

209 1533 346 1599 dendum
360 1535 570 1602 existumavit.
614 1535 746 1600 Falscrii
761 1535 921 1618 ingenium
943 1532 1077 1616 produnt
1099 1533 1192 1599 verba
1206 1523 1304 1620 αὐτῷ,

211 1642 292 1725 quod
313 1662 548 1726 supervacuum,
571 1645 602 1710 et
618 1639 835 1728 σπαργάνοισί
849 1644 884 1708 θ’
902 1633 954 1718 οἷς
971 1639 1046 1723 ἔχει,
1071 1641 1154 1725 quod
1176 1643 1305 1725 pessime

210 1770 384 1833 expressum
406 1754 461 1819 est.
486 1753 665 1820 —Iterum
688 1753 910 1821 additamentis
931 1752 1040 1818 alienis
1066 1751 1152 1818 aucti
1180 1751 1254 1816 sunt
1274 1771 1303 1818 r.

211 1861 252 1924 36
273 1878 334 1942 sq.:
718 1873 720 1882 ’

728 1988 839 2077 Λοξίᾳ
859 1989 887 2055 ὸ’
911 1985 971 2074 ε’γιὸ
997 1983 1088 2070 χάριν

361 2093 520 2181 πράσσων
540 2089 673 2184 α’ὸελφῷ
696 2093 836 2164 πλεκτὸν
858 2092 973 2182 ἐξάρας
992 2092 1089 2174 κάτος

362 2195 476 2294 ἤνεγκα
497 2200 630 2272 καὶτὸν
651 2205 756 2272 παῖὸα
777 2204 946 2291 κρηπίδων
972 2201 1030 2272 ἔπι

361 2417 500 2489 είλικτὸν
521 2414 705 2510 ἀντίπηγος,
730 2422 775 2502 οἷς
797 2419 901 2510 ὁρῷθ’
926 2423 944 2490 o
966 2427 1054 2502 παῖς.

212 2550 307 2615 Mitto
329 2550 408 2615 illud
429 2544 526 2628 κύτος
546 2552 579 2616 in
602 2551 707 2616 eadem
729 2551 884 2617 sententis
906 2551 1012 2618 eodem
1034 2570 1140 2617 versus
1162 2553 1230 2618 loco
1258 2550 1307 2616 bis

213 2659 387 2741 repetitum,
422 2660 503 2744 quod
529 2659 674 2726 subtilem
701 2649 824 2742 poetam
847 2661 974 2726 minime
995 2660 1095 2742 decet3
1129 2662 1187 2725 hoo
1216 2677 1307 2743 rogo:

212 2768 239 2833 si
261 2768 441 2848 Mercurius,
472 2770 508 2834 ut
530 2769 595 2852 ipse
613 2769 700 2850 dicit,
732 2771 904 2835 canistrum
926 2770 1060 2853 Delphos
1082 2767 1215 2835 allatum
1236 2787 1309 2850 npe-

214 2877 285 2956 ruit
307 2879 344 2942 ut
364 2877 467 2943 infans
489 2877 723 2960 conspiceretur,
747 2890 848 2945 nonne
872 2878 1024 2944 infantem
1045 2879 1077 2943 in
1101 2878 1236 2944 canistro
1259 2877 1307 2941 ia-

214 2989 331 3052 centem
354 2986 462 3069 templi
491 2986 650 3051 liminibus
673 2987 843 3070 imposuit?
887 2987 1004 3052 Tamen
1033 2986 1115 3052 idem
1137 2985 1308 3065 Mercurius

94 3093 97 3101 '
213 3094 365 3161 infantem
387 3096 489 3178 ipsum
510 3094 554 3161 ibi
576 3113 607 3160 se
629 3095 794 3161 collocasse
816 3113 953 3179 expresse
981 3095 1066 3161 dicit.
1111 3095 1170 3162 Sed
1191 3113 1306 3172 vereor,

212 3223 251 3270 ne
272 3204 383 3288 longus
406 3205 465 3270 sim
486 3203 518 3269 in
539 3223 574 3270 ss
594 3223 628 3270 re
649 3223 727 3288 qnae
749 3205 820 3270 ante
842 3205 981 3269 omnium
1003 3179 1107 3270 cedros
1133 3203 1234 3287 posita
1262 3203 1308 3268 est

213 3313 419 3396 explananda:
442 3315 569 3396 apparet
591 3313 719 3379 delenda
741 3331 805 3379 esse
824 3315 917 3378 verba
933 3302 1047 3398 ἤνεγκα
1061 3310 1115 3375 καὶ
1131 3306 1190 3376 τὸν
1203 3310 1310 3376 παῖδα

212 3424 244 3488 et
262 3413 447 3501 ἀναπτύξας
474 3415 570 3498 eecce
597 3415 737 3486 εἱλικτὸν
766 3412 955 3506 άντίπηγος,
983 3419 1029 3498 ως
1048 3413 1155 3506 ὁρῷθ’
1178 3415 1196 3485 ὸ
1219 3409 1309 3498 παῖς.

212 3530 419 3612 Quamobrem
442 3530 508 3597 sine
528 3531 622 3598 dubio
646 3533 691 3597 sie
712 3532 835 3614 scripsit
857 3530 1032 3614 Euripides:

746 3649 856 3736 Λοξίᾳ
879 3649 906 3713 δ’
931 3644 995 3732 ἐγώ
1017 3641 1110 3730 χάριν

347 3751 518 3842 πράσσων
538 3749 671 3845 άὸελφῴ
693 3754 834 3823 πλεκτὸν
856 3752 971 3840 ἐξάρας
992 3753 1088 3835 κύτος

363 3867 480 3954 τίθημι
500 3867 579 3934 ναοῦ
601 3866 698 3933 τοῦδε
720 3866 888 3953 κρηπίδων
911 3862 978 3932 ἔπι.

213 4025 409 4034 -ι-ο-ι

311 4106 362 4161 951
400 4111 455 4160 KP.
526 4108 666 4172 τέθνηκεν,
686 4095 708 4160 oi
725 4107 826 4175 γεραιέ,
846 4107 948 4174 θηρσὶν
966 4104 1086 4164 ἐκτεθείς
1104 4133 1137 4146 -

311 4203 364 4257 952
399 4207 507 4258 ΠΑΙΔ.
524 4200 648 4268 κίθαρίς
662 4195 800 4258 Ἀπόλλων
818 4199 844 4254 δ’
862 4197 878 4255 ὁ
896 4197 980 4260 κακὸς
997 4197 1080 4256 οὐδὲν
1096 4194 1226 4272 ἥρκεαενς

312 4299 365 4355 968
401 4305 456 4354 ΚΡ.
529 4300 647 4367 ἐνταῦθ’,
663 4298 699 4354 ἵν’
718 4295 768 4354 οὐκ
786 4291 825 4352 ὢν
841 4291 914 4351 ἄδικ’
931 4298 1056 4372 ἔπασχεν
1074 4298 1103 4360 ἐξ
1120 4299 1199 4370 ἐμοῦ.
