<?xml version="1.0" encoding="UTF-8"?>
<!DOCTYPE html PUBLIC "-//W3C//DTD XHTML 1.0 Transitional//EN"
    "http://www.w3.org/TR/xhtml1/DTD/xhtml1-transitional.dtd">
<html xmlns="http://www.w3.org/1999/xhtml" xml:lang="en" lang="en">
 <head>
  <title>
</title>
<meta http-equiv="Content-Type" content="text/html;charset=utf-8" />
  <meta name='ocr-system' content='tesseract 3.04.00' />
  <meta name='ocr-capabilities' content='ocr_page ocr_carea ocr_par ocr_line ocrx_word'/>
</head>
<body>
  <div class='ocr_page' id='page_1' title='image "./deeuripideorump01klingoog_0094.png"; bbox 0 0 3080 4960; ppageno 0'>
   <div class='ocr_carea' id='block_1_1' title="bbox 742 407 787 460">
    <p class='ocr_par' dir='ltr' id='par_1_1' title="bbox 742 407 787 460">
     <span class='ocr_line' id='line_1_1' title="bbox 742 407 787 460; baseline 0 0"><span class='ocrx_word' id='word_1_1' title='bbox 742 407 787 460; x_wconf 83' lang='grc'>’89</span> 
     </span>
    </p>
   </div>
   <div class='ocr_carea' id='block_1_2' title="bbox 221 577 1315 2886">
    <p class='ocr_par' dir='ltr' id='par_1_2' title="bbox 222 577 1315 1096">
     <span class='ocr_line' id='line_1_2' title="bbox 223 577 1313 662; baseline 0 -20"><span class='ocrx_word' id='word_1_2' title='bbox 223 595 291 642; x_wconf 87' lang='lat' dir='ltr'>rum</span> <span class='ocrx_word' id='word_1_3' title='bbox 310 577 441 644; x_wconf 83' lang='lat' dir='ltr'>alteram</span> <span class='ocrx_word' id='word_1_4' title='bbox 462 580 570 646; x_wconf 90' lang='lat' dir='ltr'>seriem</span> <span class='ocrx_word' id='word_1_5' title='bbox 593 579 731 660; x_wconf 76' lang='lat' dir='ltr'>adderet,</span> <span class='ocrx_word' id='word_1_6' title='bbox 752 581 815 644; x_wconf 90' lang='lat' dir='ltr'>iam</span> <span class='ocrx_word' id='word_1_7' title='bbox 838 599 940 662; x_wconf 90' lang='lat' dir='ltr'>supra,</span> <span class='ocrx_word' id='word_1_8' title='bbox 964 597 1033 643; x_wconf 92' lang='lat' dir='ltr'>oum</span> <span class='ocrx_word' id='word_1_9' title='bbox 1056 578 1095 643; x_wconf 93' lang='lat' dir='ltr'>de</span> <span class='ocrx_word' id='word_1_10' title='bbox 1115 598 1144 645; x_wconf 81' lang='lat' dir='ltr'>v.</span> <span class='ocrx_word' id='word_1_11' title='bbox 1169 579 1237 644; x_wconf 88' lang='lat'>112.</span> <span class='ocrx_word' id='word_1_12' title='bbox 1253 579 1313 643; x_wconf 88' lang='lat'>113</span> 
     </span>
     <span class='ocr_line' id='line_1_3' title="bbox 223 686 1314 772; baseline -0.001 -21"><span class='ocrx_word' id='word_1_13' title='bbox 223 705 355 770; x_wconf 78' lang='lat' dir='ltr'>agerem,</span> <span class='ocrx_word' id='word_1_14' title='bbox 384 687 601 754; x_wconf 84' lang='lat' dir='ltr'>demonstrari.</span> <span class='ocrx_word' id='word_1_15' title='bbox 645 689 748 772; x_wconf 81' lang='lat' dir='ltr'>Atque</span> <span class='ocrx_word' id='word_1_16' title='bbox 768 688 864 754; x_wconf 88' lang='lat' dir='ltr'>etiam</span> <span class='ocrx_word' id='word_1_17' title='bbox 886 687 940 753; x_wconf 88' lang='lat' dir='ltr'>alii</span> <span class='ocrx_word' id='word_1_18' title='bbox 961 686 1022 752; x_wconf 86' lang='lat' dir='ltr'>loci</span> <span class='ocrx_word' id='word_1_19' title='bbox 1045 706 1106 752; x_wconf 91' lang='lat' dir='ltr'>non</span> <span class='ocrx_word' id='word_1_20' title='bbox 1133 687 1314 753; x_wconf 88' lang='lat' dir='ltr'>manserunt</span> 
     </span>
     <span class='ocr_line' id='line_1_4' title="bbox 223 793 1315 879; baseline -0.001 -22"><span class='ocrx_word' id='word_1_21' title='bbox 223 793 343 860; x_wconf 83' lang='lat' dir='ltr'>intacti.</span> <span class='ocrx_word' id='word_1_22' title='bbox 386 795 464 860; x_wconf 84' lang='lat' dir='ltr'>Cum</span> <span class='ocrx_word' id='word_1_23' title='bbox 484 795 587 861; x_wconf 89' lang='lat' dir='ltr'>autom</span> <span class='ocrx_word' id='word_1_24' title='bbox 609 796 660 860; x_wconf 93' lang='lat' dir='ltr'>hic</span> <span class='ocrx_word' id='word_1_25' title='bbox 681 796 878 878; x_wconf 89' lang='lat' dir='ltr'>potissimum</span> <span class='ocrx_word' id='word_1_26' title='bbox 904 794 1051 879; x_wconf 83' lang='lat' dir='ltr'>prologus</span> <span class='ocrx_word' id='word_1_27' title='bbox 1076 793 1315 860; x_wconf 84' lang='lat' dir='ltr'>difficultatibus</span> 
     </span>
     <span class='ocr_line' id='line_1_5' title="bbox 222 903 1313 986; baseline 0 -19"><span class='ocrx_word' id='word_1_28' title='bbox 222 903 349 981; x_wconf 82' lang='lat' dir='ltr'>scateat,</span> <span class='ocrx_word' id='word_1_29' title='bbox 372 903 429 968; x_wconf 82' lang='lat' dir='ltr'>etsi</span> <span class='ocrx_word' id='word_1_30' title='bbox 449 903 613 970; x_wconf 89' lang='lat' dir='ltr'>nonnullas</span> <span class='ocrx_word' id='word_1_31' title='bbox 635 903 752 970; x_wconf 87' lang='lat' dir='ltr'>solvere</span> <span class='ocrx_word' id='word_1_32' title='bbox 773 922 833 969; x_wconf 92' lang='lat' dir='ltr'>nou</span> <span class='ocrx_word' id='word_1_33' title='bbox 848 904 1070 986; x_wconf 78' lang='lat' dir='ltr'>ratisposaum,</span> <span class='ocrx_word' id='word_1_34' title='bbox 1092 904 1198 969; x_wconf 85' lang='lat' dir='ltr'>tamen</span> <span class='ocrx_word' id='word_1_35' title='bbox 1210 903 1313 968; x_wconf 90' lang='lat' dir='ltr'>totum</span> 
     </span>
     <span class='ocr_line' id='line_1_6' title="bbox 223 1011 852 1096; baseline 0.002 -20"><span class='ocrx_word' id='word_1_36' title='bbox 223 1011 293 1077; x_wconf 88' lang='lat' dir='ltr'>iude</span> <span class='ocrx_word' id='word_1_37' title='bbox 316 1011 355 1078; x_wconf 90' lang='lat' dir='ltr'>ab</span> <span class='ocrx_word' id='word_1_38' title='bbox 376 1013 467 1080; x_wconf 89' lang='lat' dir='ltr'>initio</span> <span class='ocrx_word' id='word_1_39' title='bbox 488 1014 686 1096; x_wconf 88' lang='lat' dir='ltr'>interpretari</span> <span class='ocrx_word' id='word_1_40' title='bbox 709 1013 852 1079; x_wconf 86' lang='lat' dir='ltr'>conabor.</span> 
     </span>
    </p>

    <p class='ocr_par' dir='ltr' id='par_1_3' title="bbox 222 1121 1315 1315">
     <span class='ocr_line' id='line_1_7' title="bbox 320 1121 1315 1204; baseline -0.002 -18"><span class='ocrx_word' id='word_1_41' title='bbox 320 1121 449 1187; x_wconf 87' lang='lat' dir='ltr'><strong>Nullam</strong></span> <span class='ocrx_word' id='word_1_42' title='bbox 471 1123 596 1189; x_wconf 89' lang='lat' dir='ltr'>omnino</span> <span class='ocrx_word' id='word_1_43' title='bbox 617 1121 835 1188; x_wconf 87' lang='lat' dir='ltr'>difficultatem</span> <span class='ocrx_word' id='word_1_44' title='bbox 855 1122 1002 1204; x_wconf 78' lang='lat' dir='ltr'>praebent</span> <span class='ocrx_word' id='word_1_45' title='bbox 1016 1139 1045 1187; x_wconf 86' lang='lat' dir='ltr'>v.</span> <span class='ocrx_word' id='word_1_46' title='bbox 1057 1123 1196 1194; x_wconf 70' lang='lat'>49-523</span> <span class='ocrx_word' id='word_1_47' title='bbox 1218 1139 1315 1203; x_wconf 87' lang='lat' dir='ltr'>neque</span> 
     </span>
     <span class='ocr_line' id='line_1_8' title="bbox 222 1231 749 1315; baseline -0.002 -19"><span class='ocrx_word' id='word_1_48' title='bbox 222 1231 254 1296; x_wconf 91' lang='lat' dir='ltr'>iu</span> <span class='ocrx_word' id='word_1_49' title='bbox 277 1249 313 1296; x_wconf 90' lang='lat' dir='ltr'>ca</span> <span class='ocrx_word' id='word_1_50' title='bbox 334 1249 413 1314; x_wconf 88' lang='lat' dir='ltr'>quae</span> <span class='ocrx_word' id='word_1_51' title='bbox 433 1231 574 1315; x_wconf 88' lang='lat' dir='ltr'>sequitur</span> <span class='ocrx_word' id='word_1_52' title='bbox 595 1231 749 1296; x_wconf 89' lang='lat' dir='ltr'>sententia</span> 
     </span>
    </p>

    <p class='ocr_par' dir='ltr' id='par_1_4' title="bbox 370 1352 1132 1560">
     <span class='ocr_line' id='line_1_9' title="bbox 370 1352 1132 1448; baseline -0.001 -20"><span class='ocrx_word' id='word_1_53' title='bbox 370 1361 472 1428; x_wconf 83' lang='grc' dir='ltr'><strong><em>δειναὶ</em></strong></span> <span class='ocrx_word' id='word_1_54' title='bbox 492 1362 520 1428; x_wconf 87' lang='lat' dir='ltr'>d&#39;</span> <span class='ocrx_word' id='word_1_55' title='bbox 542 1352 677 1427; x_wconf 80' lang='grc' dir='ltr'><strong><em>ἇντειλοὶ</em></strong></span> <span class='ocrx_word' id='word_1_56' title='bbox 697 1361 751 1428; x_wconf 80' lang='grc' dir='ltr'>καὶ</span> <span class='ocrx_word' id='word_1_57' title='bbox 772 1361 841 1426; x_wconf 82' lang='grc' dir='ltr'><strong><em>κατ’</em></strong></span> <span class='ocrx_word' id='word_1_58' title='bbox 862 1352 1008 1448; x_wconf 68' lang='grc' dir='ltr'><strong><em>ἀλλήλων</em></strong></span> <span class='ocrx_word' id='word_1_59' title='bbox 1029 1360 1132 1448; x_wconf 82' lang='grc' dir='ltr'><strong><em>φόνος</em></strong></span> 
     </span>
     <span class='ocr_line' id='line_1_10' title="bbox 371 1465 1117 1560; baseline -0.001 -25"><span class='ocrx_word' id='word_1_60' title='bbox 371 1471 548 1557; x_wconf 76' lang='grc' dir='ltr'><strong><em>ξυνίσταθ’,</em></strong></span> <span class='ocrx_word' id='word_1_61' title='bbox 570 1467 660 1550; x_wconf 79' lang='grc' dir='ltr'><strong><em>ὅστις</em></strong></span> <span class='ocrx_word' id='word_1_62' title='bbox 680 1465 725 1556; x_wconf 81' lang='grc' dir='ltr'>μὴ</span> <span class='ocrx_word' id='word_1_63' title='bbox 746 1465 842 1554; x_wconf 74' lang='grc' dir='ltr'><strong><em>λάβοι</em></strong></span> <span class='ocrx_word' id='word_1_64' title='bbox 862 1470 919 1560; x_wconf 79' lang='grc' dir='ltr'><strong><em>τὴν</em></strong></span> <span class='ocrx_word' id='word_1_65' title='bbox 939 1469 1117 1554; x_wconf 72' lang='grc' dir='ltr'><strong><em>παρθένον,</em></strong></span> 
     </span>
    </p>

    <p class='ocr_par' dir='ltr' id='par_1_5' title="bbox 221 1605 1315 2886">
     <span class='ocr_line' id='line_1_11' title="bbox 222 1605 1314 1686; baseline -0.003 -14"><span class='ocrx_word' id='word_1_66' title='bbox 222 1608 279 1672; x_wconf 88' lang='lat' dir='ltr'>etsi</span> <span class='ocrx_word' id='word_1_67' title='bbox 300 1608 393 1673; x_wconf 84' lang='lat' dir='ltr'>verba</span> <span class='ocrx_word' id='word_1_68' title='bbox 417 1609 619 1674; x_wconf 79' lang='lat' dir='ltr'>audacissime</span> <span class='ocrx_word' id='word_1_69' title='bbox 644 1609 752 1672; x_wconf 88' lang='lat' dir='ltr'>iuncta</span> <span class='ocrx_word' id='word_1_70' title='bbox 780 1608 862 1686; x_wconf 88' lang='lat' dir='ltr'>sunt,</span> <span class='ocrx_word' id='word_1_71' title='bbox 896 1607 1082 1673; x_wconf 90' lang='lat' dir='ltr'>haerendum</span> <span class='ocrx_word' id='word_1_72' title='bbox 1110 1625 1174 1672; x_wconf 88' lang='lat' dir='ltr'>esse</span> <span class='ocrx_word' id='word_1_73' title='bbox 1201 1605 1314 1670; x_wconf 90' lang='lat' dir='ltr'>iudico.</span> 
     </span>
     <span class='ocr_line' id='line_1_12' title="bbox 223 1706 1314 1802; baseline -0.005 -22"><span class='ocrx_word' id='word_1_74' title='bbox 223 1715 305 1782; x_wconf 88' lang='lat' dir='ltr'>Nam</span> <span class='ocrx_word' id='word_1_75' title='bbox 330 1734 401 1781; x_wconf 89' lang='lat' dir='ltr'>cum</span> <span class='ocrx_word' id='word_1_76' title='bbox 421 1717 490 1780; x_wconf 87' lang='grc' dir='ltr'><strong><em>κατ’</em></strong></span> <span class='ocrx_word' id='word_1_77' title='bbox 511 1706 660 1802; x_wconf 60' lang='lat' dir='ltr'>alliditur</span> <span class='ocrx_word' id='word_1_78' title='bbox 683 1717 766 1781; x_wconf 89' lang='lat' dir='ltr'>idem</span> <span class='ocrx_word' id='word_1_79' title='bbox 791 1715 834 1781; x_wconf 90' lang='lat' dir='ltr'>sit</span> <span class='ocrx_word' id='word_1_80' title='bbox 859 1716 941 1799; x_wconf 88' lang='lat' dir='ltr'>quod</span> <span class='ocrx_word' id='word_1_81' title='bbox 970 1709 1037 1780; x_wconf 78' lang='grc' dir='ltr'>ὑπὸ</span> <span class='ocrx_word' id='word_1_82' title='bbox 1062 1713 1207 1795; x_wconf 75' lang='grc' dir='ltr'><strong><em>θατέρου</em></strong></span> <span class='ocrx_word' id='word_1_83' title='bbox 1233 1707 1314 1776; x_wconf 80' lang='grc' dir='ltr'><strong><em>κατὰ</em></strong></span> 
     </span>
     <span class='ocr_line' id='line_1_13' title="bbox 223 1817 1313 1909; baseline -0.004 -21"><span class='ocrx_word' id='word_1_84' title='bbox 223 1824 376 1908; x_wconf 74' lang='grc' dir='ltr'><strong><em>θατέρου,</em></strong></span> <span class='ocrx_word' id='word_1_85' title='bbox 398 1825 489 1892; x_wconf 86' lang='lat' dir='ltr'>facile</span> <span class='ocrx_word' id='word_1_86' title='bbox 503 1825 657 1909; x_wconf 89' lang='lat' dir='ltr'>applicare</span> <span class='ocrx_word' id='word_1_87' title='bbox 672 1825 787 1907; x_wconf 86' lang='lat' dir='ltr'>poteris</span> <span class='ocrx_word' id='word_1_88' title='bbox 811 1817 902 1901; x_wconf 78' lang='grc' dir='ltr'><strong><em>ὅστις</em></strong></span> <span class='ocrx_word' id='word_1_89' title='bbox 923 1819 967 1909; x_wconf 78' lang='grc' dir='ltr'>μὴ</span> <span class='ocrx_word' id='word_1_90' title='bbox 990 1819 1084 1906; x_wconf 75' lang='grc' dir='ltr'><strong><em>λάβοι</em></strong></span> <span class='ocrx_word' id='word_1_91' title='bbox 1104 1819 1162 1909; x_wconf 78' lang='grc' dir='ltr'><strong><em>τὴν</em></strong></span> <span class='ocrx_word' id='word_1_92' title='bbox 1185 1818 1313 1904; x_wconf 77' lang='grc' dir='ltr'><strong><em>παρθέ-</em></strong></span> 
     </span>
     <span class='ocr_line' id='line_1_14' title="bbox 224 1920 1314 2017; baseline -0.004 -22"><span class='ocrx_word' id='word_1_93' title='bbox 224 1957 286 1998; x_wconf 88' lang='grc' dir='ltr'><strong><em>υου.</em></strong></span> <span class='ocrx_word' id='word_1_94' title='bbox 321 1969 360 1980; x_wconf 91' lang='grc'><strong>-</strong></span> <span class='ocrx_word' id='word_1_95' title='bbox 392 1935 430 1999; x_wconf 88' lang='lat' dir='ltr'>V.</span> <span class='ocrx_word' id='word_1_96' title='bbox 452 1937 492 2000; x_wconf 87' lang='grc'>57</span> <span class='ocrx_word' id='word_1_97' title='bbox 519 1934 772 2000; x_wconf 88' lang='lat' dir='ltr'>Hemsterhuaius</span> <span class='ocrx_word' id='word_1_98' title='bbox 801 1952 855 2017; x_wconf 84' lang='lat' dir='ltr'>pro</span> <span class='ocrx_word' id='word_1_99' title='bbox 887 1934 1006 1999; x_wconf 88' lang='lat' dir='ltr'>tradita</span> <span class='ocrx_word' id='word_1_100' title='bbox 1035 1933 1168 1999; x_wconf 88' lang='lat' dir='ltr'>lectione</span> <span class='ocrx_word' id='word_1_101' title='bbox 1198 1920 1314 2012; x_wconf 71' lang='grc' dir='ltr'><strong><em>ἄριστα</em></strong></span> 
     </span>
     <span class='ocr_line' id='line_1_15' title="bbox 222 2039 1315 2129; baseline -0.005 -19"><span class='ocrx_word' id='word_1_102' title='bbox 222 2045 357 2128; x_wconf 83' lang='lat' dir='ltr'>glossam</span> <span class='ocrx_word' id='word_1_103' title='bbox 378 2045 606 2129; x_wconf 83' lang='lat' dir='ltr'>Hesychianam</span> <span class='ocrx_word' id='word_1_104' title='bbox 628 2045 802 2126; x_wconf 72' lang='grc' dir='ltr'><strong><em>ἄθραυστα</em></strong></span> <span class='ocrx_word' id='word_1_105' title='bbox 823 2063 858 2110; x_wconf 86' lang='lat' dir='ltr'>ax</span> <span class='ocrx_word' id='word_1_106' title='bbox 879 2044 946 2126; x_wconf 91' lang='lat' dir='ltr'>Iph.</span> <span class='ocrx_word' id='word_1_107' title='bbox 969 2042 1043 2109; x_wconf 85' lang='lat' dir='ltr'>Aul.</span> <span class='ocrx_word' id='word_1_108' title='bbox 1071 2041 1202 2125; x_wconf 89' lang='lat' dir='ltr'>petitam</span> <span class='ocrx_word' id='word_1_109' title='bbox 1223 2039 1315 2105; x_wconf 87' lang='lat' dir='ltr'>resti-</span> 
     </span>
     <span class='ocr_line' id='line_1_16' title="bbox 222 2151 1314 2237; baseline -0.003 -19"><span class='ocrx_word' id='word_1_110' title='bbox 222 2154 369 2218; x_wconf 88' lang='lat' dir='ltr'>tuendam</span> <span class='ocrx_word' id='word_1_111' title='bbox 390 2173 454 2220; x_wconf 88' lang='lat' dir='ltr'>esae</span> <span class='ocrx_word' id='word_1_112' title='bbox 474 2155 607 2237; x_wconf 85' lang='lat' dir='ltr'>putavit.</span> <span class='ocrx_word' id='word_1_113' title='bbox 652 2153 711 2219; x_wconf 84' lang='lat' dir='ltr'>Sed</span> <span class='ocrx_word' id='word_1_114' title='bbox 734 2155 770 2219; x_wconf 92' lang='lat' dir='ltr'>ut</span> <span class='ocrx_word' id='word_1_115' title='bbox 790 2154 910 2220; x_wconf 89' lang='lat' dir='ltr'>taceam</span> <span class='ocrx_word' id='word_1_116' title='bbox 937 2154 976 2219; x_wconf 94' lang='lat' dir='ltr'>de</span> <span class='ocrx_word' id='word_1_117' title='bbox 1003 2152 1097 2218; x_wconf 91' lang='lat' dir='ltr'>dubio</span> <span class='ocrx_word' id='word_1_118' title='bbox 1126 2151 1184 2217; x_wconf 90' lang='lat' dir='ltr'>hoc</span> <span class='ocrx_word' id='word_1_119' title='bbox 1212 2168 1314 2216; x_wconf 85' lang='lat' dir='ltr'>amen-</span> 
     </span>
     <span class='ocr_line' id='line_1_17' title="bbox 223 2246 1315 2344; baseline -0.003 -19"><span class='ocrx_word' id='word_1_120' title='bbox 223 2261 316 2326; x_wconf 91' lang='lat' dir='ltr'>daudi</span> <span class='ocrx_word' id='word_1_121' title='bbox 338 2280 457 2344; x_wconf 85' lang='lat' dir='ltr'>genere,</span> <span class='ocrx_word' id='word_1_122' title='bbox 490 2261 567 2326; x_wconf 92' lang='lat' dir='ltr'>mihi</span> <span class='ocrx_word' id='word_1_123' title='bbox 594 2279 692 2344; x_wconf 86' lang='lat' dir='ltr'>neque</span> <span class='ocrx_word' id='word_1_124' title='bbox 718 2262 819 2327; x_wconf 80' lang='lat' dir='ltr'>torma</span> <span class='ocrx_word' id='word_1_125' title='bbox 846 2260 998 2334; x_wconf 76' lang='lat' dir='ltr'>vocabuli,</span> <span class='ocrx_word' id='word_1_126' title='bbox 1030 2246 1315 2340; x_wconf 61' lang='lat' dir='ltr'>condemnares</span> 
     </span>
     <span class='ocr_line' id='line_1_18' title="bbox 221 2365 1314 2454; baseline -0.004 -18"><span class='ocrx_word' id='word_1_127' title='bbox 221 2372 400 2454; x_wconf 81' lang='lat' dir='ltr'>exspectem,</span> <span class='ocrx_word' id='word_1_128' title='bbox 431 2389 529 2453; x_wconf 88' lang='lat' dir='ltr'>neque</span> <span class='ocrx_word' id='word_1_129' title='bbox 562 2371 747 2436; x_wconf 86' lang='lat' dir='ltr'>vocabulum</span> <span class='ocrx_word' id='word_1_130' title='bbox 778 2371 881 2453; x_wconf 88' lang='lat' dir='ltr'>ipsum</span> <span class='ocrx_word' id='word_1_131' title='bbox 908 2369 1062 2436; x_wconf 90' lang='lat' dir='ltr'>hocloco</span> <span class='ocrx_word' id='word_1_132' title='bbox 1089 2368 1200 2451; x_wconf 88' lang='lat' dir='ltr'>placet,</span> <span class='ocrx_word' id='word_1_133' title='bbox 1232 2365 1314 2451; x_wconf 89' lang='lat' dir='ltr'>quod</span> 
     </span>
     <span class='ocr_line' id='line_1_19' title="bbox 222 2474 1315 2561; baseline -0.002 -19"><span class='ocrx_word' id='word_1_134' title='bbox 222 2479 367 2561; x_wconf 88' lang='lat' dir='ltr'>probabis</span> <span class='ocrx_word' id='word_1_135' title='bbox 390 2479 512 2544; x_wconf 88' lang='lat' dir='ltr'>collatis</span> <span class='ocrx_word' id='word_1_136' title='bbox 534 2479 609 2544; x_wconf 83' lang='lat' dir='ltr'>Hac.</span> <span class='ocrx_word' id='word_1_137' title='bbox 635 2481 682 2544; x_wconf 89' lang='lat'>17.</span> <span class='ocrx_word' id='word_1_138' title='bbox 716 2479 829 2544; x_wconf 89' lang='lat' dir='ltr'>Phoen.</span> <span class='ocrx_word' id='word_1_139' title='bbox 854 2479 945 2544; x_wconf 86' lang='lat'>1079.</span> <span class='ocrx_word' id='word_1_140' title='bbox 975 2476 1058 2561; x_wconf 74' lang='lat' dir='ltr'>cycl.</span> <span class='ocrx_word' id='word_1_141' title='bbox 1080 2479 1151 2542; x_wconf 82' lang='lat'><strong>292.</strong></span> <span class='ocrx_word' id='word_1_142' title='bbox 1174 2511 1214 2522; x_wconf 93' lang='lat'>-·-</span> <span class='ocrx_word' id='word_1_143' title='bbox 1236 2474 1315 2540; x_wconf 80' lang='lat' dir='ltr'>Ani-</span> 
     </span>
     <span class='ocr_line' id='line_1_20' title="bbox 221 2584 1314 2670; baseline -0.005 -18"><span class='ocrx_word' id='word_1_144' title='bbox 221 2589 390 2654; x_wconf 84' lang='lat' dir='ltr'>madvertit</span> <span class='ocrx_word' id='word_1_145' title='bbox 415 2591 520 2654; x_wconf 88' lang='lat' dir='ltr'>autem</span> <span class='ocrx_word' id='word_1_146' title='bbox 543 2586 743 2652; x_wconf 88' lang='lat' dir='ltr'>llarklandua</span> <span class='ocrx_word' id='word_1_147' title='bbox 771 2605 840 2651; x_wconf 91' lang='lat' dir='ltr'>eam</span> <span class='ocrx_word' id='word_1_148' title='bbox 866 2585 899 2650; x_wconf 92' lang='lat' dir='ltr'>iu</span> <span class='ocrx_word' id='word_1_149' title='bbox 927 2605 990 2670; x_wconf 88' lang='lat' dir='ltr'>qua</span> <span class='ocrx_word' id='word_1_150' title='bbox 1013 2604 1171 2652; x_wconf 84' lang='lat' dir='ltr'>versamur</span> <span class='ocrx_word' id='word_1_151' title='bbox 1193 2584 1314 2650; x_wconf 90' lang='lat' dir='ltr'>seuten-</span> 
     </span>
     <span class='ocr_line' id='line_1_21' title="bbox 221 2691 1313 2780; baseline -0.003 -19"><span class='ocrx_word' id='word_1_152' title='bbox 221 2698 299 2762; x_wconf 88' lang='lat' dir='ltr'>tiam</span> <span class='ocrx_word' id='word_1_153' title='bbox 313 2697 469 2780; x_wconf 81' lang='lat' dir='ltr'>scripsisse</span> <span class='ocrx_word' id='word_1_154' title='bbox 484 2695 661 2779; x_wconf 84' lang='lat' dir='ltr'>Euripidem</span> <span class='ocrx_word' id='word_1_155' title='bbox 677 2695 880 2780; x_wconf 86' lang='lat' dir='ltr'>Aeschyleam</span> <span class='ocrx_word' id='word_1_156' title='bbox 895 2695 1057 2762; x_wconf 90' lang='lat' dir='ltr'>imitatum</span> <span class='ocrx_word' id='word_1_157' title='bbox 1071 2695 1168 2760; x_wconf 92' lang='lat' dir='ltr'>hanoe</span> <span class='ocrx_word' id='word_1_158' title='bbox 1194 2691 1313 2776; x_wconf 85' lang='lat' dir='ltr'>(Suppl.</span> 
     </span>
     <span class='ocr_line' id='line_1_22' title="bbox 222 2809 313 2886; baseline 0 -16"><span class='ocrx_word' id='word_1_159' title='bbox 222 2809 313 2886; x_wconf 62' lang='lat'>3641:</span> 
     </span>
    </p>
   </div>
   <div class='ocr_carea' id='block_1_3' title="bbox 236 2929 1149 3132">
    <p class='ocr_par' dir='ltr' id='par_1_6' title="bbox 236 2929 1149 3132">
     <span class='ocr_line' id='line_1_23' title="bbox 236 2929 1071 3040; baseline 0.002 -39"><span class='ocrx_word' id='word_1_160' title='bbox 236 3029 243 3040; x_wconf 41' lang='grc'>·</span> <span class='ocrx_word' id='word_1_161' title='bbox 369 2929 522 3022; x_wconf 72' lang='grc' dir='ltr'><strong><em>ἀμηχανῶ</em></strong></span> <span class='ocrx_word' id='word_1_162' title='bbox 544 2936 653 3003; x_wconf 81' lang='grc' dir='ltr'><strong><em>δὲκαὶ</em></strong></span> <span class='ocrx_word' id='word_1_163' title='bbox 676 2933 783 3026; x_wconf 84' lang='grc' dir='ltr'><strong><em>φόβος</em></strong></span> <span class='ocrx_word' id='word_1_164' title='bbox 803 2940 837 3022; x_wconf 88' lang='grc' dir='ltr'>μ’</span> <span class='ocrx_word' id='word_1_165' title='bbox 861 2934 928 3021; x_wconf 71' lang='grc' dir='ltr'><strong><em>ἔχει</em></strong></span> <span class='ocrx_word' id='word_1_166' title='bbox 949 2939 1071 3025; x_wconf 82' lang='grc' dir='ltr'><strong><em>φρένας</em></strong></span> 
     </span>
     <span class='ocr_line' id='line_1_24' title="bbox 369 3041 1149 3132; baseline 0.001 -21"><span class='ocrx_word' id='word_1_167' title='bbox 369 3045 486 3129; x_wconf 76' lang='grc' dir='ltr'><strong><em>δρᾶσαί</em></strong></span> <span class='ocrx_word' id='word_1_168' title='bbox 506 3068 542 3110; x_wconf 81' lang='grc' dir='ltr'><strong><em>τε</em></strong></span> <span class='ocrx_word' id='word_1_169' title='bbox 562 3041 606 3132; x_wconf 68' lang='grc' dir='ltr'>μὴ</span> <span class='ocrx_word' id='word_1_170' title='bbox 629 3047 747 3129; x_wconf 80' lang='grc' dir='ltr'><strong><em>δρᾶσαί</em></strong></span> <span class='ocrx_word' id='word_1_171' title='bbox 770 3069 805 3112; x_wconf 85' lang='grc' dir='ltr'><strong><em>τε</em></strong></span> <span class='ocrx_word' id='word_1_172' title='bbox 828 3047 882 3113; x_wconf 79' lang='grc' dir='ltr'>καὶ</span> <span class='ocrx_word' id='word_1_173' title='bbox 902 3042 1000 3132; x_wconf 82' lang='grc' dir='ltr'><strong><em>τύχην</em></strong></span> <span class='ocrx_word' id='word_1_174' title='bbox 1022 3043 1106 3114; x_wconf 76' lang='grc' dir='ltr'><strong><em>ἑλεῖν</em></strong></span> <span class='ocrx_word' id='word_1_175' title='bbox 1116 3048 1149 3128; x_wconf 90' lang='lat'>¹).</span> 
     </span>
    </p>
   </div>
   <div class='ocr_carea' id='block_1_4' title="bbox 219 3175 1316 4030">
    <p class='ocr_par' dir='ltr' id='par_1_7' title="bbox 219 3175 1316 4030">
     <span class='ocr_line' id='line_1_25' title="bbox 220 3175 1316 3266; baseline -0.001 -19"><span class='ocrx_word' id='word_1_176' title='bbox 220 3183 331 3265; x_wconf 87' lang='lat' dir='ltr'>ltaque</span> <span class='ocrx_word' id='word_1_177' title='bbox 354 3183 390 3247; x_wconf 94' lang='lat' dir='ltr'>ut</span> <span class='ocrx_word' id='word_1_178' title='bbox 411 3181 501 3265; x_wconf 94' lang='lat' dir='ltr'>plane</span> <span class='ocrx_word' id='word_1_179' title='bbox 522 3183 733 3265; x_wconf 86' lang='lat' dir='ltr'>conspirarent</span> <span class='ocrx_word' id='word_1_180' title='bbox 753 3183 836 3249; x_wconf 89' lang='lat' dir='ltr'>inter</span> <span class='ocrx_word' id='word_1_181' title='bbox 857 3202 889 3248; x_wconf 88' lang='lat' dir='ltr'>ae</span> <span class='ocrx_word' id='word_1_182' title='bbox 910 3183 1080 3266; x_wconf 73' lang='lat' dir='ltr'>Aeschylus</span> <span class='ocrx_word' id='word_1_183' title='bbox 1102 3182 1133 3247; x_wconf 87' lang='lat' dir='ltr'>et</span> <span class='ocrx_word' id='word_1_184' title='bbox 1154 3175 1316 3264; x_wconf 77' lang='lat' dir='ltr'>Euripides</span> 
     </span>
     <span class='ocr_line' id='line_1_26' title="bbox 221 3287 1316 3375; baseline -0.001 -20"><span class='ocrx_word' id='word_1_185' title='bbox 221 3291 407 3374; x_wconf 87' lang='lat' dir='ltr'>particulam</span> <span class='ocrx_word' id='word_1_186' title='bbox 428 3292 464 3354; x_wconf 70' lang='grc' dir='ltr'>θ’</span> <span class='ocrx_word' id='word_1_187' title='bbox 487 3293 558 3373; x_wconf 88' lang='lat' dir='ltr'>post</span> <span class='ocrx_word' id='word_1_188' title='bbox 577 3287 678 3375; x_wconf 76' lang='grc' dir='ltr'><strong><em>τύχης</em></strong></span> <span class='ocrx_word' id='word_1_189' title='bbox 698 3313 726 3358; x_wconf 87' lang='lat' dir='ltr'>v.</span> <span class='ocrx_word' id='word_1_190' title='bbox 748 3295 789 3359; x_wconf 83' lang='lat'>56</span> <span class='ocrx_word' id='word_1_191' title='bbox 816 3292 957 3359; x_wconf 87' lang='lat' dir='ltr'>inseruit.</span> <span class='ocrx_word' id='word_1_192' title='bbox 999 3293 1067 3375; x_wconf 82' lang='lat' dir='ltr'>Ego</span> <span class='ocrx_word' id='word_1_193' title='bbox 1089 3290 1167 3357; x_wconf 89' lang='lat' dir='ltr'>nihil</span> <span class='ocrx_word' id='word_1_194' title='bbox 1189 3291 1316 3356; x_wconf 91' lang='lat' dir='ltr'>mutan·</span> 
     </span>
     <span class='ocr_line' id='line_1_27' title="bbox 221 3399 1314 3484; baseline -0.003 -20"><span class='ocrx_word' id='word_1_195' title='bbox 221 3399 294 3465; x_wconf 94' lang='lat' dir='ltr'>dum</span> <span class='ocrx_word' id='word_1_196' title='bbox 309 3420 373 3466; x_wconf 87' lang='lat' dir='ltr'>esse</span> <span class='ocrx_word' id='word_1_197' title='bbox 387 3419 503 3478; x_wconf 85' lang='lat' dir='ltr'>censeo,</span> <span class='ocrx_word' id='word_1_198' title='bbox 525 3401 674 3484; x_wconf 88' lang='lat' dir='ltr'>quoniam</span> <span class='ocrx_word' id='word_1_199' title='bbox 692 3401 867 3484; x_wconf 83' lang='lat' dir='ltr'>Euripidae,</span> <span class='ocrx_word' id='word_1_200' title='bbox 887 3400 914 3466; x_wconf 88' lang='lat' dir='ltr'>si</span> <span class='ocrx_word' id='word_1_201' title='bbox 933 3401 973 3466; x_wconf 91' lang='lat' dir='ltr'>ad</span> <span class='ocrx_word' id='word_1_202' title='bbox 987 3402 1114 3468; x_wconf 84' lang='lat' dir='ltr'>verbum</span> <span class='ocrx_word' id='word_1_203' title='bbox 1128 3399 1314 3482; x_wconf 82' lang='lat' dir='ltr'>Aeschylum</span> 
     </span>
     <span class='ocr_line' id='line_1_28' title="bbox 221 3501 1315 3594; baseline -0.003 -21"><span class='ocrx_word' id='word_1_204' title='bbox 221 3509 339 3574; x_wconf 90' lang='lat' dir='ltr'>imitari</span> <span class='ocrx_word' id='word_1_205' title='bbox 360 3509 517 3588; x_wconf 81' lang='lat' dir='ltr'>voluisset,</span> <span class='ocrx_word' id='word_1_206' title='bbox 538 3509 633 3574; x_wconf 90' lang='lat' dir='ltr'>etiam</span> <span class='ocrx_word' id='word_1_207' title='bbox 655 3505 714 3592; x_wconf 81' lang='grc' dir='ltr'>τήν</span> <span class='ocrx_word' id='word_1_208' title='bbox 733 3501 831 3594; x_wconf 78' lang='grc' dir='ltr'><strong><em>τύχην</em></strong></span> <span class='ocrx_word' id='word_1_209' title='bbox 851 3509 887 3574; x_wconf 71' lang='grc' dir='ltr'>θ’</span> <span class='ocrx_word' id='word_1_210' title='bbox 911 3504 995 3574; x_wconf 62' lang='grc' dir='ltr'><strong><em>ἑλεῖν</em></strong></span> <span class='ocrx_word' id='word_1_211' title='bbox 1015 3508 1196 3591; x_wconf 86' lang='lat' dir='ltr'>scripsisset.</span> <span class='ocrx_word' id='word_1_212' title='bbox 1231 3508 1315 3572; x_wconf 81' lang='lat' dir='ltr'>licet</span> 
     </span>
     <span class='ocr_line' id='line_1_29' title="bbox 220 3615 1315 3702; baseline -0.005 -18"><span class='ocrx_word' id='word_1_213' title='bbox 220 3620 326 3684; x_wconf 87' lang='lat' dir='ltr'>autem</span> <span class='ocrx_word' id='word_1_214' title='bbox 354 3618 485 3684; x_wconf 85' lang='lat' dir='ltr'>fortasse</span> <span class='ocrx_word' id='word_1_215' title='bbox 509 3618 633 3702; x_wconf 85' lang='lat' dir='ltr'>longina</span> <span class='ocrx_word' id='word_1_216' title='bbox 661 3617 832 3701; x_wconf 87' lang='lat' dir='ltr'>procedere.</span> <span class='ocrx_word' id='word_1_217' title='bbox 877 3617 1003 3686; x_wconf 81' lang='lat' dir='ltr'>Conicio</span> <span class='ocrx_word' id='word_1_218' title='bbox 1023 3619 1107 3684; x_wconf 88' lang='lat' dir='ltr'>enim</span> <span class='ocrx_word' id='word_1_219' title='bbox 1127 3615 1315 3698; x_wconf 82' lang='lat' dir='ltr'>Euripidem,</span> 
     </span>
     <span class='ocr_line' id='line_1_30' title="bbox 220 3723 1314 3812; baseline -0.004 -20"><span class='ocrx_word' id='word_1_220' title='bbox 220 3728 257 3792; x_wconf 90' lang='lat' dir='ltr'>ut</span> <span class='ocrx_word' id='word_1_221' title='bbox 277 3723 476 3810; x_wconf 82' lang='lat' dir='ltr'>Aeschylum,</span> <span class='ocrx_word' id='word_1_222' title='bbox 508 3727 591 3812; x_wconf 88' lang='lat' dir='ltr'>quod</span> <span class='ocrx_word' id='word_1_223' title='bbox 619 3745 709 3810; x_wconf 90' lang='lat' dir='ltr'>saepe</span> <span class='ocrx_word' id='word_1_224' title='bbox 731 3726 814 3810; x_wconf 88' lang='lat' dir='ltr'>lecit,</span> <span class='ocrx_word' id='word_1_225' title='bbox 848 3728 1027 3811; x_wconf 81' lang='lat' dir='ltr'>castigaret,</span> <span class='ocrx_word' id='word_1_226' title='bbox 1060 3726 1162 3792; x_wconf 84' lang='lat' dir='ltr'>verbis</span> <span class='ocrx_word' id='word_1_227' title='bbox 1191 3725 1256 3790; x_wconf 88' lang='lat' dir='ltr'>eius</span> <span class='ocrx_word' id='word_1_228' title='bbox 1281 3724 1314 3788; x_wconf 94' lang='lat' dir='ltr'>in</span> 
     </span>
     <span class='ocr_line' id='line_1_31' title="bbox 221 3833 1316 3917; baseline -0.003 -17"><span class='ocrx_word' id='word_1_229' title='bbox 221 3835 377 3902; x_wconf 89' lang='lat' dir='ltr'>meliorem</span> <span class='ocrx_word' id='word_1_230' title='bbox 400 3836 532 3902; x_wconf 85' lang='lat' dir='ltr'>formam</span> <span class='ocrx_word' id='word_1_231' title='bbox 547 3835 680 3902; x_wconf 86' lang='lat' dir='ltr'>redactis</span> <span class='ocrx_word' id='word_1_232' title='bbox 696 3855 786 3902; x_wconf 88' lang='lat' dir='ltr'>naum</span> <span class='ocrx_word' id='word_1_233' title='bbox 801 3855 874 3902; x_wconf 87' lang='lat' dir='ltr'>esse.</span> <span class='ocrx_word' id='word_1_234' title='bbox 902 3836 986 3902; x_wconf 88' lang='lat' dir='ltr'>Nam</span> <span class='ocrx_word' id='word_1_235' title='bbox 1000 3854 1070 3902; x_wconf 83' lang='lat' dir='ltr'>cunr</span> <span class='ocrx_word' id='word_1_236' title='bbox 1085 3833 1167 3917; x_wconf 90' lang='lat' dir='ltr'>apud</span> <span class='ocrx_word' id='word_1_237' title='bbox 1180 3833 1316 3916; x_wconf 83' lang='lat' dir='ltr'>Aeschy-</span> 
     </span>
     <span class='ocr_line' id='line_1_32' title="bbox 219 3941 1316 4030; baseline -0.005 -20"><span class='ocrx_word' id='word_1_238' title='bbox 219 3945 286 4011; x_wconf 94' lang='lat' dir='ltr'>lum</span> <span class='ocrx_word' id='word_1_239' title='bbox 307 3943 370 4010; x_wconf 88' lang='lat' dir='ltr'>tria</span> <span class='ocrx_word' id='word_1_240' title='bbox 393 3944 558 4010; x_wconf 83' lang='lat' dir='ltr'>videantur</span> <span class='ocrx_word' id='word_1_241' title='bbox 579 3963 655 4024; x_wconf 83' lang='lat' dir='ltr'>ease,</span> <span class='ocrx_word' id='word_1_242' title='bbox 674 3943 712 4010; x_wconf 87' lang='lat' dir='ltr'>de</span> <span class='ocrx_word' id='word_1_243' title='bbox 733 3945 845 4028; x_wconf 86' lang='lat' dir='ltr'>quibua</span> <span class='ocrx_word' id='word_1_244' title='bbox 867 3963 918 4012; x_wconf 85' lang='lat' dir='ltr'>rer</span> <span class='ocrx_word' id='word_1_245' title='bbox 939 3944 1130 4030; x_wconf 78' lang='lat' dir='ltr'>Argivorum</span> <span class='ocrx_word' id='word_1_246' title='bbox 1151 3941 1316 4026; x_wconf 82' lang='grc' dir='ltr'><strong><em>ἀμηχαυιῖ,</em></strong></span> 
     </span>
    </p>
   </div>
   <div class='ocr_carea' id='block_1_5' title="bbox 221 4199 1314 4370">
    <p class='ocr_par' dir='ltr' id='par_1_8' title="bbox 221 4199 1314 4370">
     <span class='ocr_line' id='line_1_33' title="bbox 322 4199 1314 4272; baseline -0.002 -16"><span class='ocrx_word' id='word_1_247' title='bbox 322 4199 348 4270; x_wconf 91' lang='lat' dir='ltr'>l)</span> <span class='ocrx_word' id='word_1_248' title='bbox 366 4199 574 4258; x_wconf 62' lang='lat' dir='ltr'>encaemorum</span> <span class='ocrx_word' id='word_1_249' title='bbox 596 4203 746 4259; x_wconf 84' lang='lat' dir='ltr'>uerborum</span> <span class='ocrx_word' id='word_1_250' title='bbox 773 4205 850 4260; x_wconf 84' lang='lat' dir='ltr'>reeta</span> <span class='ocrx_word' id='word_1_251' title='bbox 878 4207 921 4258; x_wconf 84' lang='lat' dir='ltr'>eat</span> <span class='ocrx_word' id='word_1_252' title='bbox 949 4203 1145 4272; x_wconf 84' lang='lat' dir='ltr'>interpretatio</span> <span class='ocrx_word' id='word_1_253' title='bbox 1173 4219 1205 4256; x_wconf 79' lang='lat' dir='ltr'>ea</span> <span class='ocrx_word' id='word_1_254' title='bbox 1232 4217 1314 4270; x_wconf 86' lang='lat' dir='ltr'>quarn</span> 
     </span>
     <span class='ocr_line' id='line_1_34' title="bbox 221 4293 1017 4370; baseline 0.003 -20"><span class='ocrx_word' id='word_1_255' title='bbox 221 4295 300 4352; x_wconf 81' lang='lat' dir='ltr'>dedit</span> <span class='ocrx_word' id='word_1_256' title='bbox 317 4299 396 4351; x_wconf 75' lang='lat' dir='ltr'>vacua</span> <span class='ocrx_word' id='word_1_257' title='bbox 414 4293 513 4351; x_wconf 80' lang='lat' dir='ltr'>achal:</span> <span class='ocrx_word' id='word_1_258' title='bbox 533 4299 578 4350; x_wconf 74' lang='lat' dir='ltr'>ael</span> <span class='ocrx_word' id='word_1_259' title='bbox 596 4297 645 4351; x_wconf 80' lang='grc' dir='ltr'>τοῦ</span> <span class='ocrx_word' id='word_1_260' title='bbox 663 4299 855 4370; x_wconf 70' lang='grc' dir='ltr'><strong><em>συμφέροντος</em></strong></span> <span class='ocrx_word' id='word_1_261' title='bbox 873 4295 1017 4366; x_wconf 65' lang='grc' dir='ltr'><strong><em>ἐπιτυχεῖν.</em></strong></span> 
     </span>
    </p>
   </div>
   <div class='ocr_carea' id='block_1_6' title="bbox 0 0 1544 4960">
    <p class='ocr_par' dir='ltr' id='par_1_9' title="bbox 0 0 1544 4960">
     <span class='ocr_line' id='line_1_35' title="bbox 0 0 1544 4960; baseline 0 0"><span class='ocrx_word' id='word_1_262' title='bbox 0 0 1544 4960; x_wconf 95' lang='lat' dir='ltr'> </span> 
     </span>
    </p>
   </div>
  </div>
 </body>
</html>
