3080 4960
742 433 779 488 51

215 625 397 714 Schlegelio‚
431 627 484 714 qui
513 651 581 698 eam
607 631 639 697 in
671 629 750 698 libro
797 629 917 713 „Ueber
938 631 1071 698 deamat.
1093 627 1217 696 Kuast“
1242 629 1259 697 Ι
1281 652 1310 716 p.

213 738 273 802 231
295 757 340 821 sq.
361 738 557 806 acerbissime
580 741 767 823 perstrinxit
789 759 828 806 ne
849 738 952 806 dicam
973 739 1081 805 irrisit.
1124 741 1241 806 Temen
1263 740 1311 807 fa-

212 843 286 912 bule
307 845 470 914 mediocris
492 849 583 932 pretii
606 848 740 914 deterior
761 849 844 915 facta
866 850 913 914 est
936 848 1219 915 additamentonrm
1244 851 1309 914 tem

212 955 302 1039 larga
328 956 424 1038 copia,
460 957 496 1022 ut
523 958 573 1023 vix
602 957 701 1046 ullam
730 958 830 1042 magis
859 956 1064 1023 deformatam
1090 959 1196 1022 nostre
1225 959 1310 1023 aetas

213 1063 326 1129 viderit
350 1063 412 1148 (cf.
435 1065 486 1131 W.
507 1067 547 1133 A.
571 1067 605 1134 Ε.
628 1085 657 1150 p.
680 1067 741 1132 240
763 1069 794 1132 et
816 1066 879 1147 76).
919 1066 995 1132 Cum
1019 1068 1123 1132 eutem
1142 1085 1246 1132 meum
1268 1065 1310 1130 sit

190 1172 374 1256 -prologum
397 1172 438 1238 ad
460 1176 626 1257 genuinam
649 1175 783 1242 formam
804 1176 957 1254 reducere,
983 1175 1066 1241 hand
1088 1194 1201 1259 paucas
1222 1194 1309 1259 spero

212 1283 358 1347 accurata
389 1281 646 1366 interpretatione
672 1303 722 1350 me
749 1285 788 1351 eb
813 1305 847 1350 eo
873 1284 1082 1350 abstersurum
1110 1303 1174 1350 esse
1203 1303 1309 1349 macn-

211 1390 268 1456 lae.
301 1426 342 1436 —
373 1389 410 1454 ln
433 1389 555 1456 exordio
578 1389 703 1456 fabulae
728 1391 759 1455 in
789 1407 931 1456 scaenam
953 1389 1057 1473 prodit
1079 1389 1227 1473 agricola,
1260 1389 1310 1454 cui

212 1499 381 1582 Aegisthus
403 1499 558 1564 Electram
574 1517 699 1564 uxorem
719 1499 813 1564 dedit.
844 1499 1016 1582 Postquam
1032 1499 1139 1581 primis
1161 1496 1309 1562 tredecim

211 1609 351 1674 versibus
372 1607 621 1691 Agamemnonis.
640 1609 671 1671 et
697 1607 816 1672 felicem
846 1608 877 1672 et
905 1608 1048 1673 miseram
1079 1605 1237 1672 fortunam
1260 1624 1310 1671 er-

212 1717 324 1802 posuit,
345 1735 424 1800 quae
438 1716 522 1781 mala
544 1733 685 1798 perpesse
707 1717 749 1781 sit
768 1716 835 1781 filia
856 1716 921 1781 eius
945 1717 1078 1781 enarrat.
1103 1749 1142 1760 -
1163 1714 1232 1796 Ipse
1246 1713 1308 1796 pri-

213 1843 409 1891 moeremus

437 1918 465 1998 ὦ
486 1933 544 2018 γῆς
564 1921 850 2017 neheompos,
875 1925 994 2014 Ἰνάχου
1016 1932 1090 2019 ῥοαί

213 2041 301 2125 quasi
322 2041 407 2106 maio
430 2043 528 2107 omini
551 2044 599 2108 est
619 2043 680 2108 toti
702 2043 843 2108 fabulae:
876 2061 930 2127 pro
945 2031 1069 2127 ’Ἄργος
1087 2045 1142 2108 aut
1165 2041 1309 2124 corrupto

212 2153 268 2216 aut
291 2168 309 2215 e
329 2170 358 2216 v.
380 2151 400 2215 6
423 2151 501 2217 falso
522 2153 613 2218 illato
641 2152 727 2218 aliud
753 2153 939 2218 vocabulum
966 2153 1141 2236 appositum
1170 2151 1210 2217 ad
1232 2143 1310 2214 Ἵνά-
1365 2227 1369 2238 1

211 2279 269 2338 pov
285 2257 360 2344 ῥοαί
381 2260 630 2326 substituendum
654 2263 709 2327 est.
753 2261 832 2327 Mihi
855 2261 979 2345 quidem
1000 2262 1081 2327 inter
1102 2261 1216 2326 molem
1237 2279 1310 2326 eon-

210 2368 408 2448 ioetnrarum,
443 2387 537 2452 quem
571 2372 771 2452 procrearunt
804 2371 891 2437 varia
926 2371 1105 2437 criticorum
1138 2371 1263 2454 ingenia
1273 2371 1308 2451 ¹),

213 2476 350 2560 palmam
372 2478 450 2544 ferre
472 2479 597 2545 videtur
619 2461 868 2544 Kirchhoffiena:
906 2465 1011 2564 ὦγῆς
1022 2473 1126 2566 ιγάνος
1152 2474 1308 2555 παλαιῶς

212 2585 326 2652 litteris
341 2587 423 2652 enim
438 2589 574 2670 proxime
594 2589 681 2654 obest
704 2607 723 2652 a
738 2589 854 2654 codicis
869 2589 1022 2671 scripture
1037 2589 1068 2652 et
1082 2607 1204 2654 sensum
1220 2606 1308 2670 prae-

214 2693 264 2759 bet
287 2699 393 2761 nostro
414 2696 483 2761 loeo
505 2695 700 2779 aptissimum
726 2697 779 2778 (es.
803 2696 908 2779 Suppl.
934 2697 1038 2779 1150).
1063 2731 1098 2742 -
1123 2697 1160 2761 V.
1183 2696 1202 2760 9

344 2799 482 2893 θνῄσκει
501 2799 650 2888 γυναικὸς
671 2800 757 2886 πρὸς
781 2799 1069 2890 Κλυταιμνήστρας
1090 2799 1177 2890 δόλῳ

210 2913 417 2996 explicaturus
432 2913 563 2980 Weiiius
585 2915 662 2980 haec
681 2914 825 2980 adnotat:
851 2914 914 2995 „Le
927 2915 1016 2980 umbe
1030 2908 1168 3001 θνήσκει
1188 2936 1208 2979 α
1225 2913 1308 2978 deae

210 3021 444 3104 eompldmeats:
466 3018 552 3105 πρὸς
572 3022 723 3108 γυναικὸς
743 3019 1032 3110 Κλυταιμνήστρας
1047 3030 1076 3090 et
1097 3020 1195 3108 δόλῳ.
1235 3021 1308 3105 Olp-

210 3135 372 3198 marre
399 3133 474 3198 tend
499 3133 529 3198 lc
552 3134 653 3218 piepe,
685 3119 816 3217 Epistte
837 3139 930 3214 porte
959 3133 1089 3214 lcooup
1110 3132 1220 3198 mortel
1244 3129 1309 3214 (i).

210 3238 247 3306 Il
267 3245 312 3306 est
332 3243 403 3307 oroi
425 3263 483 3326 ραι
504 3242 537 3309 λα
558 3245 680 3308 uersam
701 3243 755 3308 des
784 3243 944 3326 λναρλρντυ
969 3247 998 3308 et
1023 3241 1310 3323 paniadieremeat

210 3348 384 3434 cascayo,
406 3357 452 3417 est
472 3351 521 3435 pu*
539 3351 755 3436 Apamennon
773 3351 824 3434 fut
846 3351 897 3416 tud
918 3351 957 3417 de
977 3351 1010 3416 do
1031 3371 1150 3432 propre
1170 3351 1256 3415 moin
1272 3349 1310 3414 de

211 3479 267 3526 aon
288 3461 408 3542 &pouse-
451 3459 609 3543 Earr'pide
629 3461 785 3526 lui-mem
805 3461 853 3526 dir
873 3481 917 3527 αα
937 3481 1007 3525 cers
1028 3459 1133 3526 1160.-
1166 3448 1310 3522 duriore

212 3617 220 3634 .
242 3619 249 3633 .
272 3620 281 3635 .
304 3562 477 3658 ὀξυθήκτῳ
498 3568 586 3652 βέλει
607 3567 768 3634 κατέκταν’
792 3559 952 3652 αι’τὸχειρ,
985 3569 1125 3634 πέλεκυν
1146 3565 1180 3632 ἐν
1201 3568 1311 3649 χεροῖν

210 3675 364 3759 λαβοῦσα.
413 3679 504 3745 Maio
532 3699 573 3745 oo
599 3684 675 3762 peut
703 3699 857 3761 sapposer
884 3699 942 3764 quc
970 3679 1015 3746 leo
1041 3679 1124 3746 occe
1149 3675 1310 3759 complices

207 3787 393 3870 froppdrent
414 3787 435 3849 ὰ
457 3788 490 3853 lo
507 3789 599 3870 fois.“
643 3787 747 3854 Sensit
769 3788 835 3853 sine
855 3787 949 3854 dubio
962 3787 1094 3852 Weilius
1110 3787 1192 3851 hunc
1206 3786 1309 3850 locum

211 3915 272 3962 nou
294 3896 371 3962 setis
397 3895 525 3979 planum
557 3915 633 3976 esse;
670 3896 824 3981 quomedo
854 3895 1000 3963 solvende
1032 3897 1111 3962 osset
1140 3893 1310 3962 difficultas

312 4123 339 4194 ¹)
357 4121 524 4194 Nuporrime
551 4123 641 4180 locum
666 4129 876 4194 temptaverunt
898 4123 1037 4192 Vitellius,
1066 4121 1193 4194 oppones·
1219 4118 1310 4176 critici

210 4219 282 4274 ulla
304 4218 414 4274 Electra
436 4219 466 4276 ἀν’
489 4219 633 4290 Euripide
674 4219 878 4278 rorem-mma
895 4223 969 4276 1880
993 4237 1020 4290 p.
1043 4220 1091 4274 101
1111 4235 1151 4288 aq.
1192 4215 1310 4283 Meister,

211 4315 427 4386 Euripideorum
446 4333 472 4386 p.
494 4317 535 4372 68.
647 4395 649 4402 y
