3080 4960
751 413 786 468 19

218 583 252 650 ia
273 583 471 652 celeberrimo
492 583 615 650 Danaen
636 583 814 667 fragmento
827 581 916 667 (326)
932 585 1111 652 Athenaeus
1122 585 1168 650 IV
1190 607 1219 668 p.
1238 587 1314 652 159δ

218 693 250 758 et
271 691 353 758 Sext.
377 693 464 776 llmp.
489 711 518 775 p.
541 694 614 774 663,
635 694 676 758 23
706 693 838 760 tradunt
868 693 1082 776 turpissimum
1113 715 1141 760 v.
1164 697 1194 772 4,
1227 697 1313 762 Stob.

218 800 284 867 ilor.
305 801 357 876 91,
375 801 395 864 4
416 799 537 866 omittit
548 800 583 880 ¹).
618 835 653 846 -
691 799 776 882 Quae
796 802 943 866 eeuuntur
964 819 1060 884 neque
1079 801 1120 866 ad
1143 821 1172 866 ν.
1188 805 1224 866 18
1240 804 1314 868 bene

218 908 401 992 prooeduat3
436 925 536 990 uoquu
564 907 646 974 euim
675 907 861 991 agitandum
886 911 962 992 puto
989 907 1191 991 ἐξορίζοντες
1214 929 1240 976 ν.
1265 913 1313 989 16,

218 1017 300 1120 qpod
322 1016 399 1084 uatis
421 1014 597 1082 defenditur
618 1015 700 1082 Med.
722 1017 784 1084 432
804 1015 889 1099 (uide
909 1017 954 1083 ibi
976 1018 1209 1102 Weukliuinm).
1254 1020 1314 1087 Sed

217 1126 330 1192 iterum
353 1125 496 1200 oriuntur
516 1123 720 1192 dffienltates
740 1144 769 1190 v.
793 1126 844 1190 19:

365 1247 509 1333 πέμπων
530 1242 617 1314 ὅπου
638 1251 696 1334 γῆς
716 1243 920 1316 πυνθάνοιθ
942 1243 1132 1334 ἱδρυμένους

365 1353 505 1444 κήρυκος
527 1357 647 1440 ἐξαιτεῖ
667 1379 705 1422 τε
723 1355 883 1444 νάξείργει
903 1353 1038 1441 χθονός,

366 1461 464 1535 πόλιν
485 1466 660 1552 προτιμῶν
673 1455 797 1552 ’Ἀργος
818 1461 857 1534 οὗ
879 1464 1018 1553 σμικρὰν
1039 1469 1146 1555 φίλων

364 1573 490 1661 ἔχθραν
509 1575 689 1660 μεθέσθαι
712 1570 832 1658 χαῦνόν
852 1576 1049 1659 εὐτυχοῦνθ’
1069 1573 1147 1662 ἅμα.

217 1705 269 1772 Sin
289 1703 514 1770 eonsentientes
537 1703 630 1770 Inur.
652 1703 684 1769 et
705 1703 773 1770 Pal.
794 1704 950 1770 Palmatis
974 1705 1021 1770 est
1039 1703 1165 1771 (lauteri
1190 1707 1315 1792 *oonieo-
1383 1651 1498 1746 V

216 1817 288 1880 tura
308 1810 492 1897 προτείνων
513 1831 568 1896 pro
596 1813 772 1896 προτιμῶν
796 1813 969 1879 scribenti&
1012 1813 1072 1880 sed
1094 1815 1210 1880 restare
1229 1815 1314 1882 diffi-

218 1923 349 1989 oultatee
370 1923 464 1988 otiam
488 1924 515 1990 is
537 1923 694 2006 cognouit,
717 1923 772 2007 qui
790 1923 860 2006 plue
882 1941 975 2006 quam
1000 1923 1093 1988 ueteri
1108 1923 1188 1990 solet
1204 1943 1314 1990 οοοοο-

218 2050 318 2115 quere,
351 2031 542 2098 Reinholdus
574 2031 726 2098 Klotzius.
777 2031 987 2115 apprimum
1022 2031 1146 2115 quidem
1178 2031 1314 2113 offendit,

217 2140 299 2224 quod
320 2140 507 2206 vocabulum
528 2134 677 2226 κήρυκας,
699 2140 782 2224 quod
806 2159 825 2206 a
846 2141 939 2206 uerbo
961 2137 1106 2221 πέμπων
1126 2141 1247 2224 pendet,
1267 2141 1314 2208 ita

216 2250 351 2333 positum
377 2249 434 2334 eet,
465 2251 504 2314 ut
524 2251 580 2316 aut
602 2249 642 2316 ad
665 2241 856 2334 ἱδρυμένους
877 2251 933 2316 aut
954 2250 994 2316 ad
1016 2249 1136 2332 ἐξαιτεῖ
1163 2251 1315 2333 pertinere

216 2358 377 2440 uideatur3
409 2359 515 2424 umen
537 2375 629 2436 nuno,
661 2359 826 2440 postquam
847 2355 982 2421 multum
1003 2357 1042 2423 de
1061 2357 1119 2422 hoo
1137 2357 1207 2423 looo
1228 2357 1315 2442 eogi-

218 2468 295 2551 tari,
317 2469 440 2532 mutare
461 2485 522 2531 non
544 2465 654 2545 ausim,
678 2465 825 2549 quoniam
847 2465 923 2531 haee
943 2465 1114 2532 difficultas
1136 2467 1217 2533 bonu
1235 2465 1314 2532 ruoi-

217 2577 337 2642 tatione
361 2575 473 2642 evitari
493 2575 603 2658 potest.
645 2573 716 2639 Diui
737 2575 842 2640 autem
863 2573 979 2656 nequa
1001 2575 1153 2657 quantum
1174 2574 1236 2640 duo
1257 2593 1312 2658 po-

218 2684 325 2752 etremi
346 2703 452 2752 versuo
479 2683 602 2749 oritiuoe
624 2683 817 2750 vexaverint:
850 2699 927 2765 quoe
955 2682 990 2746 iu
1011 2681 1143 2748 formam
1167 2681 1314 2766 Euripide

220 2778 345 2878 dignam
366 2793 507 2877 redigere
531 2792 571 2858 iiu
596 2809 657 2857 uon
684 2791 818 2874 oondgit
848 2809 946 2874 neque
974 2809 1114 2874 uuquam
1144 2791 1313 2875 ooutinget‚

220 2903 365 2987 quoniam
386 2901 561 2968 infinitivus
583 2902 623 2968 ab
646 2900 801 2966 adieutivo
822 2892 962 2983 σμικρός
982 2900 1064 2983 apud
1091 2900 1187 2966 bonos
1218 2901 1315 2983 eurip-

217 3011 300 3078 toree
320 3011 450 3095 pendere
471 3029 533 3077 uon
554 3009 666 3094 poteot.
698 3008 799 3074 Nemo
821 3008 927 3074 autem
947 3009 1110 3091 quaaeirit,
1131 3027 1206 3074 num
1220 3010 1314 3076 rerba

216 3121 337 3187 tradita
358 3120 464 3205 aliquo
492 3117 582 3182 modo
604 3115 746 3200 intellegi
775 3117 907 3198 poeemt.
952 3115 1019 3199 Ilgo
1044 3116 1127 3182 uerte
1156 3115 1313 3199 intellego,

217 3229 243 3296 ei
272 3229 363 3295 modo
389 3229 512 3312 partem
542 3243 649 3292 eorum
674 3225 714 3290 ab
742 3224 967 3308 interpolatore
987 3223 1158 3307 proseutam
1190 3225 1314 3291 iudioo:

219 3338 345 3418 „urbem
367 3335 652 3418 osteudensArgoe‚
677 3333 787 3400 amieis
809 3332 1058 3416 praepollentem,
1083 3333 1129 3399 ita
1151 3335 1187 3398 ut
1207 3335 1314 3398 inimi-

217 3447 307 3513 oitias
337 3447 492 3530 suscipere
518 3445 645 3528 poesit.“
693 3441 1018 3508 lineamentum
1046 3441 1241 3525 aptissimum
1268 3445 1315 3509 eat

217 3555 473 3639 interpolatorum
495 3553 622 3638 ingenio
658 3552 710 3633 (uf.
733 3553 785 3619 Or.
809 3554 849 3618 14
876 3547 1023 3634 πόλεμον
1043 3551 1170 3617 θέσθαι
1190 3552 1223 3616 iu
1246 3553 1313 3617 loeo

217 3663 426 3747 interpolato),
448 3657 586 3746 ομικρός
601 3660 709 3746 φίλων
727 3663 830 3728 simile
844 3663 891 3727 est
906 3661 1125 3729 oommissurae
1139 3656 1314 3748 χρημάτων

217 3772 353 3858 πένητες
375 3773 422 3838 lll.
444 3773 500 3848 37;
533 3789 632 3854 nequo
654 3771 686 3836 iu
710 3771 860 3836 infinitivi
887 3789 944 3836 usu
973 3773 1081 3838 ouutoe
1103 3773 1196 3838 luieeo
1217 3771 1315 3836 iuter·

318 4093 345 4162 1)
363 4091 457 4148 Etiam
479 4094 653 4150 eontrarium
676 4093 787 4149 aooidit.
825 4092 866 4148 Gi.
885 4092 967 4148 Hera
987 4093 1056 4146 lala
1074 4107 1136 4148 oum
1155 4091 1232 4146 Stolo.
1251 4091 1312 4148 dor.

219 4188 280 4258 108,
299 4192 341 4245 12.
382 4189 495 4246 Utinam
523 4192 636 4248 taudem
665 4190 818 4260 aliquando
845 4189 875 4244 in
901 4189 973 4244 hano
1002 4205 1061 4244 rem
1090 4190 1245 4248 aoouratiua
1271 4189 1312 4244 in·

217 4285 364 4352 quiraturl
