3080 4960
756 411 791 464 d'l

222 581 391 664 legentium
414 581 534 648 animos
556 601 649 666 qnam
672 583 801 648 Helena.
845 583 956 668 Itaque
970 603 1063 667 quarn
1074 585 1214 650 maxime
1227 585 1316 651 illem

222 690 261 755 ab
289 689 494 756 histrionibus
523 689 618 756 fuisso
647 690 838 775 adamatam,
870 693 891 756 i.
914 712 939 756 e.
965 693 1184 776 interpolatam
1210 697 1355 775 perse·

222 798 389 865 verisimile
411 800 466 878 est,
490 819 584 883 quam
606 800 780 883 opinionem
796 801 847 867 W.
864 803 902 868 A.
918 802 953 866 Ε.
975 821 1004 884 ρ.
1023 803 1083 867 241
1109 795 1317 884 eoniplurihus

221 907 366 990 exemplis
376 909 452 974 seite
463 909 649 991 probavit1).
674 910 828 994 Prologus
842 912 956 986 autem,
978 929 1068 994 quern
1082 911 1200 976 Helena
1211 910 1317 976 Protei

222 1016 359 1082 assidens
380 1017 520 1100 sepulcro
542 1018 662 1098 rooitat,
687 1018 820 1101 primum
843 1020 928 1085 illius
942 1020 985 1106 (v.
998 1021 1120 1104 1-15),
1142 1021 1211 1084 turn
1225 1038 1316 1084 suum

222 1143 319 1208 genus
341 1127 372 1190 et
393 1126 460 1192 fata
473 1129 518 1208 (u.
532 1128 603 1193 16-
613 1128 665 1210 67)
680 1147 837 1206 enarrans,
861 1147 931 1194 eum
949 1129 1022 1195 huie
1042 1128 1315 1212 interpolationem

221 1235 327 1318 generi
347 1236 451 1300 loeum
472 1254 534 1300 non
557 1237 725 1320 praeberet,
758 1237 877 1303 ditatus
898 1240 944 1304 est
972 1237 1130 1304 nonnullis
1151 1237 1317 1302 seiolomm

222 1343 453 1411 additamentis.
497 1345 534 1410 Iu
557 1365 662 1412 eorum
684 1365 845 1412 numerum
864 1347 962 1414 refero
983 1347 1152 1430 insipidum
1173 1365 1203 1411 u.
1226 1346 1246 1410 5

370 1473 480 1563 Φάρον
500 1479 560 1562 μὲν
581 1476 680 1546 οἰκῶν
702 1480 808 1567 νῆσον,
831 1477 1007 1568 Αἰγύπτου
1028 1481 1056 1548 δ’
1078 1471 1166 1565 ἅναξ,

223 1635 241 1680 a
264 1611 429 1680 Lnedersio
450 1611 644 1698 damnatum,
666 1633 757 1697 quem
780 1615 834 1698 qui
856 1616 990 1698 scripsit,
1012 1615 1077 1681 sine
1098 1615 1192 1683 dubio
1212 1637 1318 1702 gram·

222 1724 355 1789 matious
377 1721 478 1802 homo,
513 1723 666 1789 abstinere
688 1743 748 1788 nou
770 1724 883 1805 potuit,
917 1725 992 1808 quin
1015 1725 1199 1808 sapientiam
1228 1746 1316 1791 suam

222 1853 257 1899 er
278 1833 371 1898 Hom.
393 1832 413 1897 ci
434 1834 495 1898 355
525 1833 656 1916 petitam
682 1832 824 1915 Euripidi
853 1834 1041 1900 obtruderot.
1074 1870 1116 1879 —
1147 1833 1219 1900 Non
1251 1835 1316 1899 tam

222 1941 309 2008 facili
331 1960 421 2025 opera
443 1943 546 2009 sanari
568 1943 669 2026 potest
690 1942 850 2024 damnum,
873 1942 955 2027 quod
975 1962 1083 2026 passus
1106 1943 1152 2008 est
1173 1943 1258 2008 loeus
1279 1941 1317 2007 de

222 2050 404 2117 Psamathes
423 2052 544 2120 liberis:

345 2187 364 2252 8
406 2184 507 2252 τίκτει
529 2184 681 2252 δέτέκνα
702 2183 797 2252 δισσὰ
820 2187 932 2252 τοῖσδε
954 2181 1092 2270 δώμασι,

407 2291 631 2380 Θεοκλύμενον
652 2286 770 2380 ἄρσεν’,
795 2292 847 2362 ὅτι
869 2292 908 2386 cir)
931 2291 1035 2373 θεοὺς
1056 2295 1162 2376 σέβων

324 2409 362 2472 10
404 2405 478 2488 βίον
498 2401 647 2492 διήνεγκ’,
671 2396 782 2492 εὐγενῆ
801 2429 837 2470 τε
860 2404 1029 2489 παρθένον

404 2507 501 2600 εἶδος,
523 2511 561 2580 τό
585 2511 708 2600 μητρὸς
726 2506 883 2598 ἄγλάΐσμζ
904 2509 951 2580 ὅτ’
974 2501 1012 2602 ἢν
1030 2513 1173 2600 βρέφος·

407 2623 481 2688 ἐπεὶ
502 2623 530 2689 δ’
554 2623 587 2702 ἐς
608 2622 688 2711 ἥβην
707 2611 810 2712 ἦλθεν
832 2619 962 2706 sipulum
983 2618 1095 2708 γάμων

406 2733 562 2800 καλοῦσιν
583 2723 685 2818 αἰπήν
708 2729 867 2820 Θεονόην·
888 2730 929 2798 τὰ
949 2736 1030 2799 θεῖα
1051 2725 1110 2816 γὰρ

405 2836 446 2907 τά
466 2842 494 2908 τ’
519 2832 597 2909 ὅντα
619 2843 671 2910 καὶ
692 2843 852 2927 μέλλοντα
872 2839 967 2908 πάντ’
991 2834 1156 2929 η’πίστατο

324 2954 363 3018 15
406 2945 570 3037 προγόνου
591 2953 736 3034 λαβοῦσα
757 2952 892 3038 Νηρέως
912 2947 1008 3036 τιμὰς
1028 2945 1128 3034 πάρα.

223 3085 275 3152 Sic
297 3087 388 3152 Innr.
415 3088 519 3153 loenrn
541 3087 672 3157 exhibet.
716 3088 820 3154 Facile
842 3088 931 3154 eredo
954 3087 1128 3154 Matthiaeo
1155 3087 1319 3153 restituen-

223 3195 297 3260 dum
319 3213 384 3260 esse
403 3216 432 3261 v.
446 3197 482 3261 11
500 3189 598 3276 Εἰδώ,
620 3196 765 3280 quoniam
788 3216 823 3262 er
844 3197 913 3262 tete
932 3196 1086 3262 sententia
1101 3196 1177 3262 satis
1192 3195 1320 3278 apparet

223 3303 284 3371 duo
305 3303 437 3370 indicari
458 3304 542 3370 filiae
566 3304 749 3371 Psamathes
770 3305 911 3386 nomina,
938 3305 1071 3370 alterum
1099 3303 1239 3380 infantis,
1272 3303 1320 3369 al·

221 3413 323 3480 terum
346 3413 480 3480 adultae.
525 3413 689 3480 Praeterea
710 3413 810 3480 scribo
832 3433 886 3496 pro
909 3407 1038 3495 ὡραίων
1059 3433 1089 3478 v.
1105 3415 1142 3478 12
1165 3432 1225 3478 non
1248 3429 1318 3477 oum

224 3521 348 3588 Roishio
370 3518 500 3602 ὡραίαν,
522 3523 575 3590 sed
595 3541 664 3588 eurn
680 3523 722 3588 N.
738 3516 852 3604 ripole,
875 3523 958 3605 qnod
980 3523 1011 3588 et
1025 3541 1084 3588 usu
1099 3521 1318 3605 seriptemm¹l

222 3629 254 3696 et
285 3629 399 3696 diserto
435 3631 572 3696 Pollueis
609 3632 818 3708 testimoniet
858 3631 1069 3697 confirmatur.
1135 3629 1318 3696 (inassatum

223 3739 328 3804 autern
357 3758 423 3804 esse
446 3739 480 3803 in
507 3741 613 3807 nostro
640 3741 709 3806 leoo
739 3739 990 3824 interpolatorem
1018 3740 1135 3824 primns
1163 3738 1243 3804 uidit
1268 3737 1319 3818 N..

324 4017 350 4088 l)
370 4017 434 4088 lpse
446 4017 502 4072 illis
515 4018 586 4074 addo
600 4019 829 4076 deolamationem
840 4018 985 4074 histrionis
996 4016 1107 4086 ingenio
1116 4015 1319 4088 dignissimam,

223 4129 249 4168 v.
260 4113 412 4182 991-999,
430 4113 478 4184 qui
487 4111 546 4170 fleti
557 4121 622 4170 sunt
633 4135 667 4172 ex
679 4114 802 4170 eiusdem
812 4115 949 4170 orationis
961 4115 1110 4184 τ.9471ρ.,
1127 4115 1181 4171 ebt
1189 4130 1240 4182 sq..
1256 4112 1318 4166 999.

323 4208 352 4282 9)
371 4207 436 4264 Her.
455 4208 465 4262 l
488 4209 546 4264 lot.
567 4213 625 4266 199
644 4210 715 4266 Xon.
734 4209 796 4279 (lyr.
815 4209 853 4264 1v
873 4211 900 4278 6,
917 4210 943 4263 9.

324 4307 353 4376 8)
372 4305 399 4362 11
420 4307 466 4360 1⁷:
487 4307 556 4376 ἐρεῖς
573 4307 608 4364 dd
618 4325 624 4338 ·
642 4309 782 4378 παρθένος
800 4303 885 4376 ὡραία
904 4298 1013 4378 γάμων.
