3080 4960
232 570 496 654 interpretationis
527 588 619 636 eausa
650 569 799 652 adscripti
827 571 908 648 sunt,
941 571 972 636 et
1000 569 1131 652 repetito
1159 569 1251 634 verbo
1279 563 1328 632 οδ-
1412 569 1415 575 “

233 675 359 760 exolvere
373 681 404 746 et
418 680 497 746 falso
511 698 569 745 usu
591 678 737 744 adieetivi
752 671 905 759 κατάξιος
916 677 939 762 ¹)
954 678 1152 766 damnantur.
1186 677 1327 743 Ceterum

234 789 361 854 eandem
384 789 445 853 fere
468 786 627 853 continent
646 787 831 851 sententiam
855 806 969 865 versus,
992 787 1046 870 qui
1070 787 1102 851 in
1125 785 1246 869 prologi
1268 785 1329 851 fine

233 898 389 981 leguntur,
410 897 543 962 50-53.
587 895 737 978 Apertum
750 897 863 962 *autem
887 898 933 961 est
956 916 983 963 v.
1008 897 1067 961 257
1117 921 1120 926 ·

398 1011 533 1098 γονέας
553 1007 722 1096 ὑβρίζειν
743 1007 821 1089 τούς
843 1007 944 1095 ε’μσδς
966 1003 1028 1076 οδκ
1050 1002 1159 1100 ἠξίου

234 1131 350 1196 fontem
372 1151 437 1197 esse
458 1131 716 1214 interpolationis.
744 1166 784 1176 —
812 1132 891 1196 Tum
919 1152 935 1197 e
960 1131 1087 1215 prologo
1116 1133 1222 1197 nostro
1252 1131 1329 1196 eioio

234 1259 264 1306 v.
286 1241 409 1320 ιιι-49
1198 1218 1202 1229 “

432 1347 534 1414 στένω
559 1346 595 1414 δὲ
615 1343 673 1414 τδν
694 1342 819 1434 λόγοισι
840 1344 1004 1435 κηδεύοντ’
1028 1347 1100 1431 ἐμοὶ

431 1447 554 1523 δι’δλισν
573 1455 732 1542 Ὀρέστην,
754 1450 790 1522 εἴ
805 1455 880 1522 ποτ’
902 1453 949 1535 εἰς
962 1448 1086 1541 ’Ἀργος
1106 1456 1218 1540 μολών

432 1559 554 1651 γάμους
576 1558 720 1654 ἀδελφῆς
741 1566 909 1648 δυστυχεῖς
931 1560 1098 1651 ἐσόψεται,

126 1730 128 1736 s
235 1684 289 1767 qui
311 1703 404 1768 qnam
427 1684 508 1749 male
529 1673 682 1767 quadrent
703 1685 736 1749 in
759 1705 787 1749 v.
805 1685 860 1749 43.
883 1685 924 1749 44
946 1684 985 1749 ad
1006 1685 1149 1751 honestos
1174 1685 1330 1768 agricolae

162 1877 169 1888 .
234 1812 334 1858 mores
357 1791 544 1876 pertinentes
558 1793 608 1858 vir
625 1812 701 1876 opus
722 1794 769 1858 est
790 1792 935 1858 indicare.
965 1791 1055 1858 Addo
1077 1811 1202 1858 oausam
1224 1813 1331 1876 gram·

235 1902 393 1980 matioam
415 1897 520 1984 ¹quam
552 1901 631 1967 forte
660 1902 806 1984 pusillam
838 1903 999 1968 iudicabis.
1047 1902 1215 1986 Nunquam
1248 1904 1330 1969 enim

235 2011 362 2078 memini
384 2030 433 2076 me
454 2012 555 2094 legere
575 2004 684 2094 λόγοις
704 2029 758 2094 pro
780 2004 866 2096 λόγῳ
887 2013 922 2076 nt
936 2012 993 2077 sit:
1017 2011 1167 2092 „nomine
1190 2031 1253 2076 non
1266 2011 1329 2077 re“.

237 2118 283 2185 of.
306 2118 407 2186 loonm
430 2119 534 2184 nostro
557 2119 752 2186 simillimum
772 2119 819 2184 ltl.
837 2121 918 2184 1286
933 2121 964 2184 et
979 2119 1047 2184 Ale.
1064 2121 1134 2184 339.
1159 2119 1241 2203 Cyol.
1259 2121 1329 2185 155.

236 2229 327 2292 Hero.
350 2228 421 2292 588.
438 2228 509 2292 963.
532 2227 677 2292 lireehth.
699 2227 761 2310 frg.
784 2229 855 2306 362,
873 2229 921 2292 13.
944 2225 1035 2311 Soph.
1059 2227 1107 2292 m.
1131 2225 1211 2311 59²).
1254 2228 1330 2294 Post

236 2355 265 2402 v.
289 2337 328 2401 15
350 2337 382 2402 et
403 2338 452 2400 32.
470 2338 510 2401 33
532 2336 582 2400 hio
603 2336 714 2400 tertius
737 2337 823 2402 loeus
846 2337 900 2416 est,
924 2355 984 2419 quo
1007 2336 1086 2402 falso
1103 2335 1224 2404 Orestes
1247 2356 1332 2404 oom-

236 2445 435 2510 memoratur.
463 2481 499 2492 -
527 2446 632 2512 Pausa
662 2445 776 2512 addam
804 2445 841 2511 de
871 2446 1020 2530 quattuor
1049 2447 1211 2528 postremis
1240 2445 1331 2513 huius

236 2554 357 2638 prologi
390 2546 536 2634 versibus,
571 2573 647 2638 qnos
680 2553 875 2621 acerbissime
906 2556 1085 2638 perstrinxit
1119 2555 1332 2640 Steinbergius

236 2666 258 2730 l.
273 2665 294 2729 l.
310 2684 338 2748 p.
355 2665 374 2729 5
397 2663 497 2728 eausis
517 2683 578 2750 uon
598 2663 722 2728 additis.
755 2663 834 2729 Mihi
857 2683 986 2748 quoque,
1010 2666 1174 2748 postquam
1197 2663 1332 2729 multum

237 2772 274 2837 do
289 2774 347 2837 hoo
360 2772 428 2838 loeo
443 2771 591 2856 eogitari,
613 2771 740 2846 eandem
754 2772 898 2838 videntur
916 2773 1053 2840 redolere
1069 2772 1218 2839 fabricam
1238 2773 1333 2855 atque

237 2901 266 2946 v.
275 2881 438 2946 258-261
452 2881 643 2946 aLuedersio
657 2880 807 2947 damnati.
830 2883 899 2947 Hoo
910 2884 1027 2947 eertum
1041 2883 1087 2948 est
1098 2882 1165 2964 ipsa
1178 2883 1333 2965 postrema

237 2991 330 3055 verba
353 2979 471 3065 καύτὸς
490 2982 559 3071 diff)
582 2991 732 3067 τοιοῦτος
753 2979 808 3069 δι’ν,
844 3010 913 3055 oum
935 3010 988 3074 per
1011 3009 1042 3056 se
1063 2991 1139 3056 satis
1161 2991 1238 3055 vilia
1269 2991 1332 3055 sint

237 3118 274 3164 oo
301 3098 429 3163 minime
460 3099 629 3182 perspicua,
661 3099 828 3182 Euripides
860 3118 923 3164 esse
950 3118 1011 3164 non
1032 3114 1128 3181 posse.
1172 3098 1332 3179 Quomodo

238 3209 342 3272 autem
364 3208 454 3289 poeta
476 3207 640 3291 prologum
655 3207 849 3286 oonolnserit‚
872 3227 909 3272 ne
931 3208 1081 3291 suspicari
1104 3209 1227 3292 quidem
1248 3209 1332 3274 lieet.

526 3413 574 3477 12.
619 3413 668 3478 De
690 3412 855 3478 Helenae
878 3410 1040 3494 prologo.

337 3565 433 3630 Nulla
464 3565 510 3630 est
543 3565 624 3630 inter
647 3563 768 3630 fabulas
795 3563 986 3648 Euripideas,
1020 3582 1098 3646 quae
1127 3563 1214 3629 miris
1244 3564 1332 3630 nodis
1360 3565 1362 3572 ’

238 3672 416 3755 eventisque
439 3671 485 3736 ita
512 3672 645 3752 oblectet
667 3673 761 3754 atque
788 3672 925 3736 attentos
946 3672 1051 3736 teneat
1073 3673 1278 3754 speetantium
1302 3679 1332 3740 et

240 3825 438 3836 ——u—

340 3908 365 3974 1)
386 3907 430 3963 An
448 3903 479 3962 οδ
497 3902 619 3968 κατάξιος
641 3911 685 3963 est
702 3905 835 3977 ὑβρίζεινῗ
873 3907 990 3963 Weilius
1009 3891 1135 3980 intellegi
1153 3911 1214 3965 vult
1230 3913 1332 3979 λαβεῖν,

239 4004 313 4074 qnod
332 4005 515 4075 grammatica
533 4009 619 4060 vetat.

342 4100 370 4169 2)
388 4100 450 4156 Duo
472 4119 543 4170 quae
561 4105 701 4170 postremo
719 4101 780 4156 loco
799 4103 879 4170 posui
896 4103 1023 4172 exempla
1043 4121 1075 4158 eo
1101 4104 1188 4174 magis
1208 4103 1331 4159 notanda

239 4203 311 4266 eunt,
329 4197 403 4266 quod
419 4191 493 4268 λόγῳ
511 4199 663 4268 opponitur
679 4197 791 4269 plurali.

338 4294 364 4363 3)
382 4293 426 4348 Ex
443 4293 477 4350 N.
496 4295 664 4350 oonieoture.
684 4293 769 4349 Lanr.
788 4293 873 4351 habet
890 4284 931 4350 αὖ.
