3080 4960
755 412 791 466 59

375 583 395 646 8
437 578 538 646 τίκτει
559 577 595 645 (λε’
616 579 711 646 τέκνα
731 575 829 647 δισσά
850 580 962 647 τοῖσδε
982 574 1111 661 δώμασι

302 691 331 768 9,
346 691 395 758 410
439 685 665 772 θεοκλύμενον
684 681 792 774 άράεν’
814 681 925 779 εὐγενῆ
947 713 983 756 τε
1005 689 1194 773 παρθένον·

357 800 396 864 13
438 797 574 866 καλοῦσι
596 797 628 864 δ’
648 790 753 886 αὐτὴν
776 794 934 882 Θεονόην·
955 795 997 866 τά
1020 805 1101 867 θεῖα
1121 798 1180 886 γάρ

435 900 477 973 τά
497 906 525 970 τ’
551 895 630 974 άντα
650 907 705 973 καί
726 907 885 991 μέλλοντα
906 903 1000 976 πάνθ
1023 907 1227 975 ἐπίσταται
1239 909 1262 993 ¹)

437 1010 601 1102 προγόνου
621 1016 766 1100 λαβοῦσα
789 1017 922 1103 Νηρέως
942 1014 1037 1100 τιμάς
1058 1013 1157 1102 πάρα.

220 1155 286 1219 Iam
315 1153 397 1218 reete
427 1153 555 1235 opponit
582 1153 674 1235 poete
705 1172 817 1219 nomen
844 1152 1062 1238 Theoolymsni
1090 1173 1108 1220 a
1136 1154 1315 1238 parentibus

219 1261 353 1328 inditum
376 1261 493 1327 nomini
516 1260 677 1328 Theonoae
698 1261 772 1327 dato
794 1282 813 1328 a
836 1264 963 1346 populo;
998 1264 1185 1346 appellatam
1210 1265 1314 1330 autem

219 1389 285 1438 eam
308 1389 372 1436 esse
394 1370 613 1453 aparentibus
635 1369 806 1451 Idotheam
835 1373 983 1455 quonium
1007 1373 1048 1439 ad
1075 1372 1215 1439 fabulam
1236 1370 1315 1436 nihil

219 1479 361 1561 pertinet,
394 1498 456 1544 non
484 1478 575 1544 dioit:
611 1483 717 1546 tamen
738 1481 799 1547 duo
827 1481 892 1547 eius
919 1479 1013 1561 fuisse
1034 1481 1160 1547 nomina
1182 1481 1263 1546 teoto
1285 1479 1316 1544 et

220 1589 310 1654 oaute
331 1585 498 1670 signifieat.
520 1621 559 1633 —
582 1586 620 1651 V.
642 1588 683 1653 26

400 1715 533 1800 μορφῆς
552 1711 711 1778 θέλουσαι
733 1709 997 1796 διαπεράνασθαι
1019 1713 1134 1798 κρίσιν,

222 1839 276 1923 qui
298 1840 367 1922 post
391 1831 528 1916 κάλλους
550 1837 627 1920 πέρι
648 1859 678 1904 ν.
701 1841 741 1904 23
764 1840 1058 1922 prorsusabundat,
1092 1839 1316 1904 Herwerdenus

220 1947 348 2026 delerit3
379 1947 482 2012 looum
502 1967 518 2012 e
541 1947 662 2034 Cypriis
683 1949 816 2031 petitum
841 1948 894 2031 (el.
917 1949 1012 2014 sohol.
1037 1949 1127 2014 Hom.
1150 1951 1190 2008 A
1211 1947 1254 2029 5),
1287 1966 1315 2013 v.

219 2057 354 2136 3543,
376 2058 515 2140 spurium
537 2077 601 2124 esse
622 2058 792 2124 rectissime
813 2058 927 2124 statuit
950 2059 1111 2125 Usenerus.
1155 2060 1204 2122 An
1225 2055 1316 2140 qnid-

220 2185 313 2250 quam
329 2168 461 2250 oogitari
476 2168 586 2250 potest,
609 2169 691 2251 quod
707 2168 792 2250 peius
806 2168 1014 2251 interrumpat
1028 2166 1165 2233 fatorum
1179 2166 1317 2233 Helenae

220 2275 440 2356 narrationem,
474 2275 556 2360 quod
587 2278 689 2362 magis
718 2277 882 2344 abhorreat
904 2297 923 2343 s
944 2278 1042 2342 totius
1070 2275 1195 2342 fabulae
1220 2294 1316 2359 argn-

220 2385 334 2467 mento,
355 2404 449 2468 qnam
470 2386 532 2451 ista
556 2382 635 2463 Διὸς
651 2381 887 2468 βουλευμάτων
910 2386 1081 2469 expositio?
1117 2385 1199 2467 Quid
1221 2386 1316 2451 uero?

220 2492 345 2558 decetne
365 2493 502 2558 sobrium
524 2495 646 2576 poetam
669 2514 697 2560 v·
713 2496 754 2559 49
765 2514 811 2577 sq.
836 2494 1010 2561 naturalem
1033 2494 1107 2560 belli
1128 2495 1233 2560 Troioi
1254 2495 1316 2559 ori-

220 2600 324 2684 ginem
345 2620 497 2684 enarrare,
518 2603 620 2680 antea,
642 2622 672 2667 u.
686 2605 727 2667 36
737 2623 793 2686 sq.‚
818 2603 900 2686 quod
922 2603 1075 2686 peculiare
1090 2603 1230 2686 luppiter
1244 2622 1316 2669 oon·

221 2709 326 2774 silium
347 2729 382 2776 eo
408 2712 513 2777 exorto
543 2711 646 2776 ratum
676 2710 807 2776 leserit?
849 2711 982 2795 Egregie
1011 2713 1115 2777 autem
1147 2712 1317 2795 interpola·

220 2819 315 2884 tionis
347 2819 475 2884 initium
506 2819 663 2886 indicatur
698 2820 800 2886 uerbis
833 2816 987 2902 Πριάμου
1022 2814 1179 2902 τυράννου
1212 2819 1316 2900 παιδί,

221 2945 302 3008 quae
323 2927 393 3009 post
413 2917 615 3013 Ἀλεξάνδρῳ
629 2947 659 2993 v.
671 2929 712 2992 32
727 2929 842 3022 mirum
866 2931 1019 3012 quantum
1040 2931 1201 3014 languent.
1236 2931 1316 2996 Tur·

220 3035 338 3118 pinimi
368 3036 535 3103 sciolorum
557 3037 639 3104 fetus
660 3039 733 3104 sunt
762 3038 826 3106 tres
857 3041 1004 3122 postremi
1036 3035 1152 3121 rers'm,
1185 3059 1315 3124 quorum

220 3143 320 3226 primo

404 3266 529 3355 γνωτόν
548 3294 584 3338 τε
607 3271 685 3358 θείη
706 3269 764 3340 τὸν
781 3268 959 3357 ’κράτιστον
977 3267 1129 3352 Ἑλλάδος

222 3395 411 3472 Badhamus,
432 3397 522 3464 altori
545 3401 577 3465 et
597 3399 691 3466 tertio

346 3524 482 3606 Φρυγῶν
502 3521 531 3588 δ’
552 3523 586 3603 ἐς
606 3515 705 3610 άλκήν
726 3518 947 3613 προύτέθηνλ)
969 3515 1031 3612 ίγιά
1052 3523 1111 3610 μὲν
1133 3515 1181 3605 ot,

339 3626 378 3695 τά
400 3630 430 3696 δ’
452 3623 555 3716 ὄνομα
576 3624 708 3716 τοάμόν,
731 3620 838 3700 totos
854 3630 1003 3720 Ἓλλησιν
1024 3629 1122 3718 δορός

220 3774 279 3842 ego
303 3757 431 3823 Usenori
452 3759 662 3826 oonieotnram
690 3763 826 3828 nesciens
855 3763 976 3829 obelum
1006 3761 1141 3846 praefixi.
1185 3761 1231 3826 De
1258 3760 1317 3826 hoo

323 4021 349 4084 l)
367 4017 449 4073 Ultro
469 4019 537 4074 liaeo
554 4022 722 4090 oonieotnra,
739 4040 810 4092 quas
827 4023 939 4078 fabulae
958 4027 1123 4094 argumento
1132 4020 1244 4092 egregie
1253 4039 1316 4091 pro·

223 4111 307 4166 batur
325 4111 373 4180 (ol.
391 4129 416 4164 v.
437 4113 509 4180 317),
527 4131 557 4169 se
575 4115 666 4172 offert.
703 4116 900 4186 interpolatori
918 4118 1102 4174 neoeassrium
1128 4123 1190 4172 erat
1215 4118 1315 4188 imper

223 4206 328 4262 sautum
346 4206 522 4264 subrutusre.

323 4305 350 4374 λ)
368 4303 528 4362 Certissima
546 4306 615 4364 haee
630 4313 673 4366 est
689 4307 843 4383 tlnsgrauii
861 4307 1026 4366 emendatio.
