3080 4960
760 389 795 442 al

232 559 386 638 1112,13‚
408 559 501 625 habet
520 579 550 625 v.
566 560 606 625 72
627 557 745 640 κρίνων
762 561 794 624 et
814 550 980 642 Ἀργείων.
1008 559 1100 626 Vides
1116 561 1173 625 hoo
1186 557 1220 622 in
1235 575 1325 622 vorsu

233 667 314 732 idem
344 667 491 747 assidere,
523 668 605 751 quod
636 668 700 734 iam
727 687 817 751 saepe
837 670 870 734 in
899 669 1011 752 spuriis
1032 667 1109 734 loeis
1131 655 1327 734 animadve-⁸

232 775 342 840 timus:
364 775 468 842 variae
482 776 640 858 pullulant
654 776 811 843 lectiones.
837 777 964 842 Versum
980 777 1061 842 enim
1076 777 1115 842 72
1130 777 1169 865 ab
1179 774 1325 856 Euripide

231 883 379 966 seriptum
402 903 461 950 non
484 903 548 950 esse
570 886 762 969 apertissime
784 887 873 952 doeet
893 905 1059 970 pronomen
1081 879 1148 964 ὅδε,
1184 883 1266 968 quod
1294 883 1326 948 et
1367 891 1371 902 ’

232 989 293 1056 vile
323 995 370 1058 est
403 993 812 1078 trimetri‘supplementum
845 997 876 1062 et
907 997 1028 1078 pugnat
1053 1014 1125 1060 oum
1154 992 1325 1058 certissima

232 1100 299 1184 lege
321 1101 495 1185 Euripiden,
518 1121 597 1186 quae
618 1105 702 1169 istud
724 1123 891 1188 pronomen
914 1105 1050 1187 personis
1071 1104 1103 1168 in
1125 1121 1236 1168 scaena
1264 1119 1324 1166 non

232 1210 442 1291 praesentibus
471 1211 610 1278 adhiberi
631 1214 727 1280 vetat.
773 1211 881 1297 Neque
902 1231 973 1278 vero
995 1215 1088 1278 verba
1109 1204 1156 1290 ὥς
1177 1204 1196 1276 ὁ
1216 1211 1325 1291 μῦθος

232 1307 422 1399 &veprium
451 1321 514 1396 (val
535 1310 704 1403 Ἀργείων)
731 1317 798 1401 ἔχει
824 1321 899 1386 bene
930 1321 1003 1388 addi
1035 1321 1208 1404 participio
1242 1318 1324 1401 quod

232 1426 332 1491 locum
367 1429 501 1492 nominis
535 1429 649 1511 proprii
677 1429 800 1494 Paridis
828 1431 922 1513 tenet,
955 1429 1024 1513 quis
1053 1447 1115 1493 non
1146 1425 1325 1509 intellegit?

232 1535 277 1599 At
298 1535 398 1600 deleto
420 1537 550 1619 pessimo
573 1555 663 1602 versu
690 1539 784 1603 etiam
815 1539 1023 1621 praecedentis
1052 1538 1144 1603 verba
1170 1535 1325 1620 postrema

232 1635 250 1706 ὁ
279 1635 336 1718 τὰς
363 1636 454 1720 θεὰς,
487 1644 514 1707 si
539 1643 662 1726 quidem
690 1645 791 1709 oetera
817 1646 940 1728 integra
967 1647 1123 1728 putamus,
1154 1643 1324 1708 necessario

234 1749 373 1834 Euripidi
395 1750 601 1817 abiudieanda
623 1752 705 1818 sunt.
738 1751 839 1820 Multa
861 1753 994 1836 eogitari
1014 1757 1143 1836 possunt
1165 1771 1269 1818 versus
1285 1753 1323 1817 71

233 1860 456 1942 supplementa,
479 1860 565 1925 volut
585 1859 695 1924 πέδων
716 1855 830 1943 Πάρις,
852 1855 1003 1946 Πριάμου
1024 1855 1127 1946 γόνος,
1150 1863 1243 1925 θεῶν
1257 1883 1326 1942 κρι-

232 1962 306 2048 τὴς;
328 1987 447 2051 semper
467 1969 570 2034 tumen
593 1970 712 2035 ineerta
726 1971 863 2036 manebit
877 1971 1044 2049 restitutio,
1067 1970 1128 2035 nisi
1145 1969 1248 2036 lausto
1262 1969 1326 2034 for·

233 2078 309 2140 tuna
341 2095 422 2140 nova
451 2077 538 2142 nobis
570 2077 811 2161 suppeditaverit
846 2079 1027 2145 emendandi
1060 2079 1249 2144 adiumenta.
1287 2112 1324 2122 -

234 2183 343 2250 Paullo
366 2185 479 2250 certius
501 2187 606 2252 sanari
627 2188 757 2269 possunt
779 2208 883 2254 versus
902 2189 1110 2272 insequentes:

317 2358 320 2366 ’
372 2352 604 2434 Λακεδαίμον’,
627 2346 773 2439 drappos·
792 2354 852 2437 μὲν
873 2349 1016 2438 εἱμάτων
1036 2352 1146 2441 στολῇ,

372 2465 481 2548 χρυσῷ
502 2461 570 2546 δὲ’)
592 2459 742 2545 λαμπρὰς
762 2459 917 2548 βαρβάρῳ
938 2458 1106 2548 χλιδήματι

289 2574 328 2636 75
371 2569 456 2653 ἐρῶν
477 2571 598 2655 ἐρῶσαν
620 2561 711 2657 ᾤχετ’
735 2566 959 2654 ἐξαναρπάσας

371 2675 495 2765 Ἑλένην
516 2679 602 2762 πρὸς
618 2670 702 2765 Ἴδης
721 2675 920 2764 βούσταθμ’,
943 2678 1087 2768 ἔκδημον
1109 2676 1218 2759 λαβών

378 2788 565 2854 Μενέλαον·
588 2780 608 2856 ὃ
630 2788 665 2856 δὲ
687 2789 764 2856 καθ’
784 2786 915 2858 Ἑλλάδ’
938 2785 1118 2876 οἰστρήσας
1138 2779 1232 2870 μόρῳ

376 2890 493 2980 ὅρκους
514 2895 674 2976 unimode
698 2894 869 2984 Τυνδάρεω
890 2890 1101 2984 μαρτύρεται,

376 2999 422 3084 ὥς
442 3000 502 3094 χρὴ
525 3009 666 3092 βοηθεῖν
687 3013 793 3076 τοῖσιν
813 3001 1050 3093 ἆδικοομένοις.

234 3175 319 3239 Haeo
343 3175 391 3239 est
411 3175 501 3240 Laur.
524 3177 555 3241 et
578 3176 646 3241 Pal.
668 3177 860 3242 eonsentiens
885 3177 1043 3259 scriptura
1069 3175 1209 3258 aprima
1237 3187 1333 3236 manu

232 3282 359 3348 tradita.
402 3283 606 3368 Inspiciamus
627 3287 761 3368 primum
778 3305 805 3350 r.
822 3287 871 3363 76,
894 3303 984 3369 quem
1011 3305 1118 3353 omnes
1140 3285 1274 3349 editores
1288 3279 1336 3344 ita

233 3393 381 3472 scribunt,
403 3398 439 3459 ut
460 3395 582 3459 oodioes
604 3413 665 3460 una
687 3413 757 3460 oum
774 3393 929 3461 Clemente
943 3393 1158 3461 Alexandrino
1181 3388 1336 3458 exhibent.

235 3499 311 3567 Cum
326 3505 429 3568 antem
449 3503 647 3586 interpretari
668 3503 708 3568 iis
723 3523 798 3587 opus
813 3522 874 3569 non
888 3503 1047 3582 videatur,
1072 3500 1146 3569 audi
1162 3499 1217 3585 qui
1232 3496 1339 3562 vertat

233 3609 339 3676 l'irius
358 3611 451 3677 verba
474 3608 745 3698 sozopontanae
766 3611 953 3678 Μενέλαονε
992 3628 1140 3700 „peregre
1163 3605 1339 3692 prolaotum

234 3721 343 3786 neotus
364 3719 567 3788 Menelaum.“
612 3722 749 3788 Putasne
778 3721 968 3805 Euripidem,
1003 3724 1033 3790 si
1064 3724 1122 3788 hoo
1151 3719 1256 3786 dioore
1286 3729 1343 3779 vo·

232 3827 349 3906 luisset,
369 3829 436 3893 tam
458 3829 600 3896 absurdis
622 3830 723 3896 verbis
744 3831 838 3896 luisse
860 3837 1016 3900 usurum?
1063 3830 1176 3896 Nonne
1198 3817 1344 3912 ἔκδημον

232 3928 338 4016 τοχών
363 3930 531 4000 Μενελάου
553 3937 745 4022 sortpsissot?
787 3938 900 4004 Melius
928 3943 1039 4009 autem
1069 3936 1218 4008 omnibu!
1243 3933 1348 4000 edim

236 4147 433 4157 ..——--·—

334 4265 360 4330 1)
379 4262 425 4320 Sio
444 4265 620 4324 mribendum
638 4273 681 4324 eet
697 4285 749 4340 pro
767 4267 874 4328 aedito
894 4285 930 4324 re.
