3080 4960
757 378 776 432 9

205 539 313 614 ¹iuriis
336 546 479 632 Euripidi
508 547 652 631 adspersa
683 548 765 628 sunt,
797 567 817 613 a
839 547 995 615 veteribus
1017 546 1234 632 grammaticis
1254 563 1319 612 csse

224 655 447 734 animaduersa,
470 656 634 740 castigata,
656 657 803 722 correcta.
847 656 894 722 De
915 656 992 723 locis
1013 658 1119 723 autom
1144 655 1318 739 Euripideis

223 765 265 832 ab
284 763 356 832 aliis
376 764 578 848 scriptoribus
607 764 736 849 prolatis
769 765 828 832 hoo
858 765 987 832 minime
1016 764 1241 850 neglegendum
1271 765 1318 831 cst

224 893 329 940 omnes
356 873 479 959 praetor
505 873 603 958 ipsius
623 873 783 958 Euripidis
806 875 950 959 aequales
970 873 1083 960 legisse
1110 874 1232 942 fabulas
1253 873 1319 940 eins
1421 891 1427 906 ·

226 981 439 1066 interpolatas

322 1090 428 1174 Atque
454 1091 550 1158 etiam
581 1110 690 1158 causas
716 1092 992 1177 interpolationnm
1020 1091 1175 1178 etaqno
1194 1091 1319 1176 potissi-

224 1219 310 1268 mum
331 1200 491 1267 hominum
514 1219 624 1284 genere
644 1201 800 1286 proiectae
819 1201 996 1268 riderentur
1017 1201 1125 1268 studm
1144 1202 1319 1279 enucleare3

224 1329 323 1395 neque
340 1310 406 1388 hoc,
429 1309 515 1394 puto,
535 1308 614 1376 mihi
633 1309 712 1378 vitio
726 1310 875 1391 vertetur,
896 1309 989 1396 quod,
1010 1309 1064 1379 ubi
1078 1329 1127 1378 res
1140 1310 1319 1394 postulabat

224 1419 280 1486 aut
300 1419 423 1487 occasio
443 1418 571 1499 ferebat,
601 1418 726 1486 criticas
747 1439 869 1506 quoque
889 1419 986 1504 attigi
1009 1421 1204 1506 quaestiones
1223 1422 1255 1487 et
1275 1420 1320 1487 si·

224 1529 313 1596 miles
328 1527 462 1596 aliorum
481 1529 622 1596 locorum
642 1528 897 1614 interpolationes
913 1529 1052 1597 nondum
1065 1529 1201 1596 demotus
1214 1528 1318 1610 attuli,

223 1639 270 1706 ita
290 1638 328 1704 ut
347 1638 375 1704 is
396 1637 450 1720 qui
470 1637 550 1704 hano
572 1637 867 1704 commentationem
892 1638 988 1724 legat,
1024 1639 1126 1706 certas
1151 1638 1319 1722 interpola·

223 1747 344 1814 sonum
364 1745 502 1812 familias
525 1745 610 1812 facili
631 1763 725 1828 opera
745 1747 844 1829 possit
864 1765 1054 1830 componore.

322 1855 392 1922 Iam
412 1853 498 1922 vides
519 1873 569 1920 me
589 1854 623 1920 in
636 1853 696 1920 hac
708 1855 972 1922 commentatione
984 1857 1066 1924 rollo
1078 1857 1319 1941 grammaticum

224 1984 304 2041 esse;
339 1965 377 2028 ut
408 1965 506 2030 bonus
527 1962 758 2048 grammaticus
780 1964 839 2032 dm
861 1983 931 2032 oum
960 1985 1075 2051 magno
1103 1966 1170 2034 viro
1191 1967 1319 2051 Ioseplro

225 2072 384 2158 Scaligsro
406 2073 488 2158 opto.

502 2243 529 2308 1.
572 2242 1044 2329 DeAloestidisprologo.
1120 2305 1127 2320 ‚
1178 2325 1182 2336 ¹

322 2375 457 2442 Alcestis
484 2375 595 2443 fabula
622 2375 840 2461 antiquissima
868 2376 949 2444 inter
977 2379 1117 2446 serratas
1139 2377 1320 2463 Euripidem

225 2486 358 2552 marimo
379 2486 486 2552 castae
507 2487 539 2552 et
559 2504 682 2553 severae
703 2485 781 2552 artis
801 2486 922 2570 legibus
942 2486 1096 2554 adstricta
1117 2489 1173 2554 est
1215 2487 1320 2573 Atque

224 2595 262 2658 ut
282 2594 350 2659 tota
370 2593 482 2676 pressis
503 2594 534 2660 st
554 2594 655 2660 acutis
677 2595 839 2660 sententiis
859 2595 1020 2678 praecellit
1034 2631 1075 2642 -
1093 2596 1145 2662 rix
1165 2594 1320 2662 inveneris

223 2701 256 2766 in
272 2702 380 2768 ceteris
392 2701 505 2769 fabulis
518 2703 655 2770 diverbio
670 2702 827 2796 Apollinis
841 2703 873 2770 et
888 2702 959 2770 Oroi
981 2702 1084 2772 simile
1106 2741 1154 2788 -,
1180 2704 1227 2772 ita
1248 2723 1320 2790 pro·

223 2810 315 2895 logos
336 2809 422 2877 brevi
445 2810 476 2876 et
497 2811 582 2878 clara
604 2810 744 2878 oratione
766 2814 954 2896 spectatores
975 2812 1014 2881 de
1033 2814 1073 2880 iis
1094 2814 1202 2882 edocet
1218 2814 1319 2894 rebus.

225 2937 304 3004 quae
325 2918 365 2985 ad
386 2919 511 2988 fabulae
530 2921 627 3006 ipsius
648 2920 802 2988 actionem
832 2922 1074 3008 intellegendam
1104 2925 1187 2992 scitu
1216 2941 1320 2990 neces·

224 3027 324 3094 sarias
345 3029 428 3095 sunt.
469 3029 568 3096 Eacili
590 3032 696 3096 autem
718 3047 811 3114 opera
832 3031 896 3096 tras
917 3032 1020 3114 partes
1042 3032 1107 3098 eius
1127 3033 1202 3100 licet
1221 3032 1320 3098 inter·

225 3154 356 3204 noscere.
388 3137 425 3202 V.
446 3137 528 3204 enim
545 3139 658 3218 1-71)
670 3139 778 3206 nutat
796 3139 919 3224 Apollo,
941 3141 1094 3226 quomodo
1118 3141 1245 3207 Admeti
1265 3139 1326 3221 do,

225 3264 311 3311 mum
326 3246 454 3326 renent,
470 3247 572 3314 8-21
585 3245 663 3332 (qui,
678 3266 749 3314 oum
762 3248 860 3315 totius
870 3249 1023 3315 dramatis
1038 3249 1121 3315 actio
1135 3249 1174 3314 iis
1188 3249 1318 3330 nitatur,

226 3354 413 3438 gravissima
434 3356 507 3420 sunt
528 3355 650 3440 prologi
671 3357 767 3440 pars),
796 3356 872 3441 quid
893 3356 938 3422 ibi
959 3357 1093 3424 Admeto
1115 3358 1147 3423 et
1167 3357 1320 3424 Alcestidi

225 3461 313 3528 uxori
334 3463 490 3544 acciderit,
513 3465 638 3529 22-27
653 3483 686 3532 se
707 3464 763 3530 illa
786 3464 877 3531 domo
899 3465 1057 3532 abiturum
1078 3465 1233 3550 simulque
1247 3464 1320 3532 Orci

226 3570 394 3636 adventum
414 3573 504 3638 nunti
526 3572 550 3638 t.
586 3608 620 3618 -
651 3572 698 3638 De
724 3573 831 3656 paucis
857 3573 949 3640 huius
976 3574 1100 3658 prologi
1124 3573 1321 3656 interpolati·

224 3679 343 3760 onibus,
371 3699 449 3764 quas
470 3665 610 3748 hominos
632 3681 721 3748 scioli
742 3680 785 3748 ad
805 3683 915 3766 poetae
936 3683 1032 3750 verba
1053 3680 1247 3766 explananda
1267 3679 1324 3746 ad·

225 3787 379 3872 diderunt,
411 3789 570 3873 disputare
599 3789 796 3874 supersedoo;
830 3795 953 3872 spurios
983 3809 1049 3858 osse
1082 3793 1183 3858 r.10.
1209 3789 1256 3854 16.
1285 3788 1324 3854 27

224 3896 395 3964 rectissime
415 3899 527 3964 statuit
542 3899 722 3968 Whoelerus
742 3898 774 3966 in
796 3901 1065 3970 commentatione
1083 3894 1327 3982 „DeAlcestidis

225 4006 256 4073 et
278 4003 441 4090 Hippolyti
468 4005 703 4092 Euripidearum
730 4007 1039 4096 interpolationibus,
1075 4009 1204 4076 Bonnae
1226 4004 1324 4072 1879¹⁴

224 4133 253 4198 p.
278 4117 315 4180 ll
338 4133 395 4200 sq,
417 4114 529 4198 quibus
550 4117 626 4200 quid
650 4117 765 4188 eddom
787 4139 849 4190 non
871 4119 982 4190 habeo.

326 4267 353 4336 1)
372 4266 499 4324 ilumeris
517 4273 582 4324 ntor
598 4269 782 4336 Nanokianie.
