3080 4960
757 407 793 466 5⁰

235 579 314 647 duae
336 579 374 646 ab
396 578 543 647 hocloco
566 601 689 664 prorsus
711 581 846 647 alienae:
888 581 1076 666 Polyxenam
1104 580 1144 648 ad
1172 581 1329 649 tumulum

237 690 365 755 Achillis
398 691 603 768 immolatam,
638 690 830 756 Casandram
861 692 900 756 ab
923 691 1156 774 Agamemnone
1185 691 1332 774 paelicem

235 799 352 865 factam
374 817 451 875 essc;
482 799 610 864 alterius
633 799 715 864 enim
736 799 781 864 rei
806 799 907 865 adhuc
928 800 1038 882 ignara
1060 801 1105 864 est
1126 801 1264 880 Hecuba,
1285 801 1333 866 al-

237 909 304 972 tera
327 927 365 973 ne
387 906 502 972 accidit
525 907 663 990 quidem3
695 909 802 991 itaque
823 909 951 974 Hecuba
968 909 1005 974 de
1027 909 1075 973 his
1097 909 1242 975 lacrimas
1263 909 1335 974 fun-

236 1016 307 1082 dere
328 1036 389 1082 non
411 1018 528 1099 potest3
552 1016 641 1082 audit
663 1016 788 1084 demum
811 1038 839 1083 v.
861 1013 925 1083 247
947 1037 992 1102 sq.
1016 1019 1046 1085 et
1068 1019 1129 1082 622
1150 1037 1196 1100 sq.
1239 1018 1334 1083 Recte

237 1126 277 1192 N.
300 1127 334 1190 E.
357 1126 403 1191 st.
426 1125 458 1191 ll
480 1145 509 1207 p.
527 1127 586 1190 126
609 1126 773 1192 lectionem
795 1126 936 1192 codicum
959 1125 1069 1210 prioris
1092 1126 1208 1192 ordinis
1224 1121 1334 1209 λάθρα

237 1254 266 1300 v.
287 1237 329 1300 40
350 1235 481 1310 refellit;
502 1229 626 1319 οἰκτρά,
647 1235 730 1318 quod
753 1236 872 1302 codices
894 1236 1022 1302 alterius
1043 1235 1158 1301 ordinis
1182 1236 1335 1316 exhibent,

238 1344 415 1409 coniectura
444 1345 489 1408 est
510 1344 550 1409 ad
572 1344 790 1410 difficultatem
821 1344 1039 1412 occultandam
1070 1334 1194 1428 factm),
1237 1335 1362 1410 Acce-‘

237 1454 316 1519 dunt
338 1473 385 1519 res
408 1455 639 1536 grammaticae.
682 1454 767 1520 Num
798 1455 873 1521 bene
898 1455 973 1520 haec
999 1453 1167 1521 distributa
1189 1446 1281 1518 sunt:
1314 1441 1337 1541 ᾗ

238 1567 330 1640 παῖς
362 1561 431 1645 μὲν
562 1560 729 1648 τέθνηκε
756 1615 764 1630 .
788 1615 827 1630 ..
857 1562 1041 1648 Πολυξένη,
1078 1564 1259 1650 φροῦδος
1291 1561 1335 1627 δὲ

238 1671 391 1757 Πρίαμος
416 1671 471 1737 καὶ
499 1671 636 1738 asnaa?
678 1674 786 1756 Neque
808 1674 884 1739 satis
906 1674 1049 1740 accurate
1071 1673 1190 1739 dictum
1211 1671 1335 1738 ridetur
1365 1756 1369 1764 Ι

237 1777 360 1847 τὸτοῦ
382 1783 470 1847 θεοῦ
492 1804 528 1847 aa
558 1776 758 1866 παραλιπών
783 1779 821 1847 τό
850 1780 878 1846 τ’
908 1773 1047 1864 εὐσεβές,
1069 1797 1154 1848 'cum
1179 1778 1336 1863 παραλεί-

239 1913 314 1955 πειν
341 1890 382 1955 sit
408 1891 587 1973 ,omittere“
621 1891 655 1975 (i.
678 1911 703 1957 e.
734 1910 814 1973 ,nou
833 1891 950 1958 iacere“
972 1893 1022 1956 rel
1053 1910 1132 1973 „nou
1154 1890 1271 1956 dicere“
1296 1890 1335 1956 cf.

163 2003 165 2012 ‘
239 2000 310 2064 Hel.
326 2000 396 2064 773.
412 1999 487 2084 976)
517 2003 572 2066 aut
597 2020 675 2081 „non
698 2002 780 2066 recte
801 2001 920 2066 facere“
944 1999 1039 2079 (Plat.
1059 2001 1142 2084 legg.
1164 1999 1228 2064 XII
1250 1999 1334 2064 9510.

239 2108 416 2189 1117721),1
441 2110 492 2174 hio
515 2110 704 2175 desideretur
727 2108 812 2174 notio
837 2128 916 2189 ,nou
939 2108 1076 2186 curandi,
1106 2127 1167 2173 non
1189 2107 1332 2174 verendi“

241 2208 396 2304 (ἀμελεῖν,
420 2218 660 2304 καταφρονεῖν).
705 2217 897 2283 Gravissima
920 2218 1023 2282 autem
1045 2217 1221 2282 offensionis
1242 2235 1337 2282 causa
1389 2229 1392 2244 ·

240 2328 287 2392 est
308 2327 341 2391 in
363 2328 454 2392 verbo
477 2329 581 2410 popei,
606 2327 697 2409 quod,
727 2329 867 2410 quisquis
890 2327 988 2408 mdis,
1021 2328 1077 2392 aut
1101 2327 1152 2408 ,in
1172 2326 1336 2393 matrimo-

240 2436 326 2501 nium
348 2436 451 2500 dnoit“
476 2437 532 2501 aut
556 2455 698 2517 „uxorem
721 2436 831 2501 habet“
856 2435 1031 2519 significare
1055 2436 1224 2501 arbitretur
1245 2453 1336 2517 opor-

239 2546 302 2610 tet:
325 2543 464 2609 futurum
482 2563 545 2609 esse
558 2544 643 2609 istud
658 2544 893 2609 matrimonium
913 2544 1020 2610 fabula
1034 2545 1101 2626 ipsa
1116 2545 1147 2608 et
1166 2543 1335 2609 scholiasta

241 2655 360 2720 docent.
403 2653 462 2718 His
484 2653 582 2735 igitur
604 2652 796 2735 argumentis
826 2653 902 2719 satis
925 2654 999 2735 puto
1023 2653 1114 2717 iustis
1136 2652 1221 2716 nisus
1242 2671 1271 2716 v.
1294 2651 1336 2715 36

242 2765 324 2828 -44
346 2764 385 2828 ab
406 2761 553 2844 Euripide
581 2762 733 2844 profectos
759 2781 820 2826 non
849 2781 912 2826 esse
934 2780 1050 2826 censeo.
1094 2761 1202 2844 Neque
1232 2779 1336 2828 neem-

241 2871 358 2936 sarium
383 2872 443 2950 est,
477 2872 513 2935 ut
541 2870 669 2948 Hecuba
695 2871 727 2935 in
755 2871 882 2953 prologo
919 2872 1189 2950 commemoretur,
1223 2871 1335 2937 nedum

241 2981 437 3045 ostendatur:
473 2980 519 3045 est
547 2981 628 3045 inter
652 2980 794 3047 mulieres
817 2983 923 3062 captas
952 2999 1030 3062 quae
1056 2981 1337 3045 commemorantur

243 3109 272 3155 v.
289 3091 338 3154 32.
354 3090 437 3170 33²).
474 3089 534 3155 Ubi
557 3089 660 3154 autem
682 3090 749 3171 ipsa
772 3089 864 3154 rerba
886 3089 986 3170 facere
1008 3089 1116 3172 coepit,
1139 3088 1232 3153 tertio
1247 3106 1337 3152 versu

243 3198 375 3264 audiunt
404 3200 600 3281 spectatores,
634 3217 725 3280 quem
743 3199 776 3263 in
801 3217 912 3266 scaeua
933 3198 1069 3277 videant,
1100 3197 1265 3280 posteaque
1286 3215 1338 3262 er-

242 3327 343 3390 presse
365 3325 475 3372 nomeu
497 3326 587 3373 suum
611 3306 688 3372 dicit
714 3308 755 3388 (v.
782 3306 866 3389 136).
910 3306 1021 3390 ltaque
1050 3307 1214 3374 servantur
1244 3305 1337 3389 leges,

243 3435 320 3499 quas
339 3415 377 3480 de
398 3435 599 3499 personarum
617 3416 793 3481 nominibus
816 3415 875 3481 sibi
897 3416 1010 3480 statuit
1024 3415 1186 3498 Euripides
1202 3433 1338 3499 quasque
1400 3485 1405 3490 ,

242 3525 318 3590 scite
338 3525 503 3606 indagavit
525 3525 576 3591 W.
598 3525 635 3590 A.
657 3525 692 3591 E.
715 3544 744 3607 p.
768 3525 828 3589 202
850 3543 896 3607 sq.

528 3685 575 3750 11.
621 3685 671 3749 De
693 3684 866 3750 Electrae
887 3685 1051 3769 prologo.

252 3890 259 3902 ,
344 3811 472 3878 Summo
493 3811 560 3876 iure
582 3811 707 3878 Electra
733 3811 923 3894 postremum
944 3811 1029 3876 tenet
1053 3811 1086 3875 in
1115 3811 1222 3879 ordine
1248 3811 1352 3890 tabu,

245 3920 346 3987 larum
374 3921 607 4004 Euripidearum
637 3920 749 4005 locum,
782 3938 880 4005 neque
912 3939 1073 4003 possumus
1105 3940 1166 3987 non
1196 3920 1339 3986 assentiri

347 4107 374 4178 1)
393 4107 435 4162 cf.
452 4107 537 4164 schol.
555 4108 614 4164 cod.
633 4109 709 4164 vat:
728 4127 771 4178 γρ.
792 4103 893 4178 οἰκτρά,
913 4103 929 4161 ὃ
947 4111 992 4160 καὶ
1010 4101 1134 4179 ἄμεινον.

346 4207 374 4275 2)
394 4206 493 4262 Videas
505 4213 659 4276 praeterea,
678 4223 749 4276 quae
761 4205 796 4260 de
813 4205 867 4260 hoc
883 4206 944 4260 loco
959 4204 1151 4275 disputaturus
1169 4221 1229 4260 sum
1246 4202 1276 4256 iu
1295 4217 1338 4256 ca·
1411 4215 1415 4220 ·

245 4304 304 4373 pite
323 4303 357 4358 de
376 4308 438 4358 arte
455 4305 635 4376 prologorum
654 4303 870 4372 Euripideorum
888 4302 1031 4371 inscripto.
