3080 4960
774 383 791 438 7

237 551 445 620 miesteretur.
488 553 558 622 Sed
586 553 677 639 qnid
702 554 853 638 legibue
883 553 971 621 istis
991 572 1096 622 nunc
1117 554 1248 638 opinor
1267 573 1329 620 ne·

236 661 327 729 mini
350 679 422 728 non
443 663 614 730 molestis
635 663 834 747 Euripides
855 663 1031 744 voluerit,
1057 661 1102 728 nd
1123 662 1327 728 arbitrium

237 769 364 856 quivis
395 771 544 838 statuat
576 772 682 838 licet:
719 773 820 854 leges
847 773 949 854 ipsas
975 789 1053 836 eum
1080 789 1186 838 nosse
1211 771 1328 850 decet,

237 878 301 962 qui
331 878 546 962 Euripidem
578 880 808 966 intellegere
840 879 973 963 cupit.“
1018 880 1128 962 ltaque
1158 879 1185 944 si
1213 899 1270 964 ego
1291 879 1329 946 de

236 987 304 1054 arte
329 986 526 1072 prologorum
549 988 786 1072 Euripideorum
812 988 984 1072 scripturus
1010 1007 1089 1067 sum,
1123 988 1188 1054 noli
1207 1008 1329 1072 exspec-

185 1127 195 1196 2
236 1097 303 1164 tere
328 1115 377 1163 me
403 1097 504 1163 multu
531 1097 569 1163 de
596 1097 826 1180 pulchritudine
857 1098 913 1164 aut
941 1097 978 1164 de
1004 1097 1196 1164 absurditate
1222 1117 1328 1164 eorum

236 1204 482 1290 disputaturum:
513 1207 625 1300 immo
644 1207 686 1271 ut
706 1207 941 1290 philologum
962 1207 983 1273 i.
999 1225 1025 1272 e.
1040 1206 1328 1294 grammaticum

236 1315 349 1394 decet,
371 1333 433 1380 ens
453 1314 612 1382 studebo
634 1315 816 1399 indagare
836 1316 946 1398 leges,
970 1315 1106 1398 quibus
1128 1315 1328 1398 Euripides

235 1423 274 1490 in
312 1423 484 1508 prologis
530 1423 798 1504 componendis
840 1443 883 1490 se
927 1423 1197 1500 adstrinxerit3
1248 1423 1329 1489 unde

235 1533 331 1599 etiem
356 1531 596 1613 „eaethefieum“
620 1531 703 1615 quod
732 1533 861 1600 vocetur
888 1531 1038 1633 iudicium
1072 1551 1165 1617 quum
1196 1529 1329 1598 maxime

235 1639 355 1728 pendet.

334 1747 395 1816 Sed
413 1747 450 1814 ut
469 1767 520 1814 ens
539 1766 617 1834 quas
633 1747 697 1813 diri
717 1747 801 1832 leges
818 1749 900 1816 recte
922 1750 1153 1834 investigemus,
1174 1749 1238 1814 alia
1261 1766 1330 1814 sus-
1452 1817 1455 1827 ,

236 1856 377 1941 cipiendc
409 1858 456 1924 est
489 1875 590 1940 opere.
633 1856 744 1924 Sciunt
773 1857 855 1924 enim
884 1877 988 1925 omnes
1014 1859 1086 1944 post
1105 1858 1330 1948 i’hoenissasa

236 1965 458 2032 Vulclrennerio
491 1964 591 2032 editas
623 1966 816 2049 maximeque
843 1968 913 2052 post
940 1967 1055 2034 librum
1087 1966 1125 2032 de
1150 1947 1329 2048 tragoediae

237 2073 372 2142 Graecae
393 2074 583 2160 principibus
609 2073 803 2142 cBoeckhio
831 2076 981 2160 scriptum
1003 2076 1127 2142 fabulas
1148 2074 1329 2160 Euripidoae

238 2200 352 2264 magno
373 2183 549 2267 spuriorum
570 2203 714 2250 versuum
735 2205 862 2270 numero
884 2204 948 2252 esse
963 2185 1098 2252 obrutas.
1129 2185 1201 2250 Non
1215 2201 1330 2266 paucas

237 2294 343 2358 autem
364 2292 615 2376 interpolationes
638 2295 711 2359 ente
732 2294 831 2376 ipsam
855 2293 955 2378 legem
980 2293 1172 2378 Lycurgeam
1194 2311 1259 2358 esse
1281 2291 1330 2357 in·

237 2401 339 2468 trusae
359 2402 435 2468 haec
456 2402 523 2486 ipen
544 2402 592 2468 lox
613 2401 702 2468 testis
729 2403 785 2468 est.
829 2402 963 2468 Maxime
984 2421 1056 2468 vero
1083 2402 1205 2486 prologi
1232 2401 1330 2467 inter·

236 2511 410 2594 poletorum
432 2510 557 2576 libidini
578 2511 663 2576 foere
685 2511 828 2594 expositi3
851 2530 925 2578 nam
942 2514 974 2577 et
988 2510 1173 2577 facillimum
1192 2510 1259 2577 erat
1273 2509 1330 2575 bas

236 2619 428 2686 uamufiones
450 2619 527 2684 satis
547 2617 728 2702 plerumque
748 2619 903 2704 pedestres
930 2619 1076 2686 scientiae
1104 2618 1246 2686 frustulis
1273 2638 1330 2686 au-

236 2746 317 2814 gore,
346 2728 527 2812 praesertim
549 2746 619 2794 cum
641 2728 766 2794 fabulum
786 2729 871 2810 ipseo
889 2728 1114 2811 amplissimam
1136 2745 1239 2796 rerum
1262 2746 1330 2794 ma·

235 2836 347 2902 terium
367 2837 557 2921 praeberent,
580 2855 636 2902 nec
656 2836 768 2904 desunt
788 2856 927 2920 expressa
947 2838 1087 2904 veterum
1107 2836 1330 2920 grammatico·

235 2963 304 3010 rum
331 2943 511 3011 testimonie
543 2945 659 3028 (Schol.
682 2945 780 3012 Andr.
806 2947 834 3014 7.
858 2945 1073 3030 Argithea).
1115 2946 1228 3029 Itnquo
1254 2963 1329 3028 opus

235 3055 292 3132 est,
325 3055 362 3119 ut
386 3054 414 3120 is
437 3053 491 3138 qui
512 3055 550 3121 de
576 3057 644 3124 arte
662 3056 862 3141 prologorum
883 3056 1120 3140 Euripideorum
1143 3055 1225 3120 recte
1246 3053 1329 3119 volet

234 3162 382 3243 iudicare,
420 3183 515 3247 quam
546 3165 778 3232 accuratissime
810 3165 950 3250 singulos
976 3164 1121 3248 prologos
1153 3163 1330 3247 percenseat

235 3270 275 3356 et,
296 3272 449 3355 quantum
469 3272 537 3340 fieri
559 3275 669 3358 potest,
692 3274 797 3357 spuria
819 3275 906 3340 notet
919 3274 1080 3359 tolletque.
1111 3274 1150 3339 ln
1164 3292 1225 3360 quo
1241 3290 1330 3356 opere

235 3379 422 3446 difficillimo
443 3383 520 3448 sctis
543 3381 607 3448 scio
628 3402 677 3450 me
699 3382 782 3449 baud
804 3401 902 3466 pauca
924 3383 1127 3462 statuturnm‚
1149 3401 1228 3466 quae
1247 3381 1330 3447 viro·

235 3506 304 3554 rum
326 3487 488 3555 doctorum
511 3509 690 3556 consensum
713 3509 773 3557 non
796 3491 910 3574 lerant3
934 3491 968 3558 ct
991 3492 1107 3557 multas
1129 3489 1329 3558 difficultates

236 3615 314 3682 quae
345 3595 448 3664 adhuc
473 3597 633 3682 neglectae
657 3598 818 3664 latuerunt
848 3617 898 3664 me
927 3598 961 3664 in
991 3597 1092 3664 lucem
1123 3598 1328 3682 prolaturum,

235 3705 400 3773 nonnullas
422 3706 636 3790 expediturum
657 3705 735 3772 mihi
756 3725 935 3790 persuasum
948 3708 1013 3802 raet.

217 3891 220 3898 ,
335 3813 380 3878 Er
403 3814 442 3880 iis
468 3817 573 3882 eutem
600 3832 680 3900 quae
707 3833 800 3898 supra
822 3814 979 3906 disputavi
1000 3815 1095 3882 etiem
1122 3833 1225 3882 rerum
1254 3815 1328 3882 ordo

235 3941 296 4009 quo
318 3922 352 3988 in
373 3923 433 3990 bae
453 3925 713 3991 commentatione
734 3941 845 3990 usurus
867 3942 946 4003 auru,
980 3924 1056 3991 satis
1076 3924 1220 4010 apparet:
1254 3941 1327 3990 con-

235 4031 470 4098 benamarim
492 4031 575 4099 rinm
595 4033 751 4116 ingressus
774 4032 803 4098 ei
824 4051 918 4117 quarn
941 4031 993 4117 qui
1016 4031 1118 4098 adhuc
1138 4033 1176 4100 de
1192 4032 1328 4116 prologis
1407 4085 1411 4092 .

234 4139 407 4224 Euripideis
436 4139 645 4208 dissermruut
672 4140 751 4208 inire
782 4139 932 4222 solebant,
965 4139 1099 4224 primum
1130 4139 1327 4224 singularum

234 4249 412 4318 rotumum
434 4249 577 4336 prologos
593 4250 741 4336 temporis
754 4251 876 4320 ratione
889 4249 997 4318 habite
1011 4248 1193 4334 percensebo
1207 4247 1328 4336 etquid
