3080 4960
771 419 808 474 45

240 587 334 654 Vides
364 589 489 672 poetam
521 589 598 656 saite
629 591 759 669 cauisse,
792 609 831 656 ne
860 589 1100 674 repetitionibus
1131 592 1339 674 spectatorum

239 697 359 764 animoa
381 695 585 781 defatigaret:
607 699 771 782 postquam
792 718 822 764 r.
838 699 937 782 losq.
961 697 1110 766 Creusam
1132 699 1283 766 infantem
1307 700 1339 766 in

241 807 378 874 muistro
410 809 584 891 exposuisse
613 808 702 889 dixit,
733 810 766 874 in
794 809 949 892 Apollinis
982 810 1123 874 oratione
1154 811 1197 886 (u.
1219 811 1260 874 29
1281 815 1341 893 sq.)

240 917 420 994 mnistrum
454 918 487 982 in
510 917 656 984 Mercurii
678 917 780 984 uerbis
808 919 850 1000 (u.
874 919 915 983 36
936 919 996 1001 sq.)
1027 917 1180 983 infantem
1210 918 1338 984 omittit.

240 1025 381 1109 Utroque
401 1025 469 1092 loeo
490 1025 694 1110 interpolator
715 1045 841 1093 munere
862 1045 919 1091 suo
940 1025 1069 1090 innotus
1097 1027 1152 1091 est.
1186 1061 1224 1074 -·
1256 1027 1339 1092 Bene

240 1133 378 1216 propedit
407 1133 553 1220 prologus
582 1135 740 1219 usquead
761 1155 790 1201 u.
813 1137 869 1212 503
901 1135 1044 1217 sequitur
1071 1134 1220 1218 pessimus
1246 1155 1274 1202 v.
1297 1137 1336 1200 51

428 1237 447 1308 ὁ
468 1247 549 1321 παῖς
567 1266 604 1308 aa
625 1239 703 1321 τούς
722 1237 876 1321 τεκόντας
899 1233 962 1308 ou'rr
986 1239 1157 1308 ἐπίσταται

238 1373 259 1420 a
280 1351 440 1420 &murore
464 1353 556 1434 (thes.
578 1355 598 1419 6
618 1355 689 1437 post
709 1354 797 1436 diss.)
818 1355 849 1419 et
870 1354 910 1420 ab
934 1353 1141 1420 Herwerdeno
1162 1353 1337 1434 damnatus,

238 1463 271 1529 iu
298 1479 477 1546 quoquam
505 1460 585 1529 salso
611 1464 796 1547 usurpatum
827 1463 870 1528 sit
898 1453 1027 1528 verbum
1058 1459 1258 1529 ἐπίστασθαι
1286 1464 1338 1529 rix

240 1588 316 1653 opus
337 1571 384 1636 ost
404 1589 536 1637 monere.
559 1607 600 1618 -
622 1571 690 1637 Iam
714 1571 804 1637 linita
827 1572 874 1636 est
902 1572 1058 1637 enarratio
1080 1571 1163 1637 lonis
1186 1571 1338 1648 satorum3

239 1680 293 1763 qui
319 1681 438 1746 restant
469 1700 499 1746 r.
523 1681 657 1760 52-5o‚
691 1682 748 1747 etsi
779 1681 857 1746 satis
887 1680 966 1746 bono
994 1682 1127 1747 utuntur
1155 1680 1337 1765 sermone¹)‚

239 1805 395 1871 unamque
424 1789 553 1872 phrasin
580 1789 722 1873 Euripidi
752 1789 815 1856 iere
846 1790 1004 1872 propriam
1038 1790 1139 1874 (δεῦρ’
1159 1788 1213 1855 ἀεί
1232 1809 1261 1856 r.
1283 1787 1337 1872 56)

240 1897 408 1977 eontinent,
441 1899 565 1982 propter
592 1899 813 1984 argumentum
840 1899 948 1964 eontra
970 1898 1070 1982 ipsam
1095 1899 1235 1966 fabulam
1257 1901 1336 1965 miro

243 2004 334 2072 modo
360 2023 504 2090 pugnans
527 2007 645 2074 servari
670 2026 733 2074 non
758 2007 898 2091 possunt,
929 2006 961 2072 id
994 2008 1075 2092 quod
1105 2008 1171 2074 iam
1197 2008 1252 2073 diu
1275 2009 1337 2074 riri

239 2114 323 2180 dooti
345 2115 641 2182 animadvortemnt.
685 2117 742 2182 list
762 2117 867 2182 tamen
893 2114 1012 2200 aliquid
1038 2117 1132 2183 etiam
1163 2117 1196 2182 in
1225 2115 1335 2199 verbis,

241 2225 322 2307 qnod
345 2225 544 2312 impostorem
559 2225 737 2290 convineat:
758 2215 949 2306 ἀπανδρσῦν
963 2224 1113 2292 Clementi
1125 2226 1335 2294 Alexandrino

239 2337 272 2399 et
292 2332 428 2398 Luuiano
460 2333 615 2410 convenit,
648 2351 709 2399 non
731 2334 914 2418 Euripidi2).
950 2371 987 2387 -
1021 2337 1088 2403 lom
1117 2336 1193 2403 bone
1223 2337 1336 2420 exeipit

120 2443 124 2450 '
240 2459 362 2508 versum
384 2441 426 2506 50

436 2541 496 2616 οὔκ
517 2541 587 2616 οἶδε
612 2551 739 2632 Φοῖβον
758 2540 835 2616 οὖδὲ
855 2549 965 2636 μητέρ’
988 2541 1026 2642 ἧς
1049 2548 1123 2641 ἔφυ.

240 2678 269 2724 u.
289 2659 344 2724 57:
438 2658 590 2740 Κρέὸνσα
610 2659 638 2724 ὅ
661 2652 681 2748 ἡ
702 2660 842 2724 τεκοῦσα
861 2658 919 2723 τὸν
941 2659 1077 2740 νεανίαν,

240 2768 320 2834 unde
333 2767 433 2834 altera
448 2767 636 2834 narrationis
655 2786 727 2851 para
749 2767 876 2835 initium
898 2771 990 2854 capit.
1019 2770 1230 2838 Haerentem
1252 2774 1335 2839 reote

240 2876 378 2960 prooedit
399 2895 497 2961 usque
518 2876 558 2943 ad
580 2896 609 2942 u.
622 2877 672 2942 66.
715 2877 823 2960 Neque
844 2879 925 2944 enim
951 2878 1189 2962 vituperandum
1204 2881 1251 2946 est
1266 2900 1335 2946 ver·

239 2984 313 3050 bum
334 2986 540 3068 συνεξαιρεῖν,
562 2985 644 3069 quod
666 2985 786 3051 obiecto
809 2986 926 3052 eareat:
949 2986 1032 3054 idem
1053 2987 1148 3054 habet
1169 2986 1333 3068 obiectum

239 3093 321 3176 quod
344 3087 564 3182 συμπονήσας.
609 3093 832 3176 „llradioandi⁸
865 3095 970 3162 autem
1003 3097 1169 3176 notionem,
1203 3099 1261 3164 etsi
1285 3098 1335 3164 in·

238 3201 332 3268 solita
354 3205 410 3280 est,
442 3204 547 3270 tamen
572 3203 741 3269 iustissime
764 3205 854 3286 poeta
881 3203 953 3270 huie
976 3205 1125 3272 vocabulo
1148 3207 1260 3273 tribuit
1280 3207 1333 3290 (oi.

238 3327 266 3376 v.
289 3311 394 3392 1044).
437 3311 523 3378 Neue
555 3311 736 3378 haereamus
768 3311 802 3377 in
834 3311 926 3378 uerbo
953 3303 1085 3394 Ἀχαιός
1113 3333 1142 3379 v.
1164 3316 1214 3393 64,
1251 3315 1333 3398 quod

237 3437 376 3504 pugnare
397 3421 520 3488 ridetur
541 3440 613 3487 oum
636 3439 665 3486 v.
679 3421 770 3499 1592,
793 3440 854 3504 qua
870 3421 907 3486 de
920 3441 953 3488 re
969 3421 1072 3488 videas
1086 3421 1332 3489 Sohoemannum

236 3528 258 3594 l.
270 3527 291 3594 l.
302 3549 331 3613 p.
344 3528 510 3613 22⁸).-v.
518 3531 558 3596 67
570 3531 684 3598 iterum
695 3531 790 3615 longa
801 3530 912 3614 inoipit
922 3531 1131 3615 interpolatio,
1145 3552 1224 3616 quae
1237 3551 1334 3616 usqne

338 3729 366 3800 1)
384 3727 491 3802 τροφάς
508 3749 535 3786 v.
548 3735 582 3788 52
599 3736 676 3788 nerto
692 3737 856 3802 oorruptum
875 3749 965 3803 noque
978 3731 1069 3788 adhue
1087 3733 1264 3790 amendatum
1282 3739 1333 3790 ast.

236 3825 436 3896 Exspectanda
455 3819 562 3889 πλάκας
579 3829 623 3884 vol
641 3827 732 3882 simile
751 3827 866 3898 aliquid.
903 3828 945 3884 Do
963 3829 1113 3886 vorborum
1134 3833 1278 3887 structura
1298 3829 1336 3887 oi.

239 3920 300 3978 Hel.
319 3923 380 3978 582

335 4020 362 4088 2)
382 4017 533 4090 Euripides
552 4021 625 4078 dixit
643 4021 840 4092 iiovdpododur
859 4020 963 4078 Phoen.
981 4023 1024 4078 82.
1043 4020 1138 4093 Suppl.
1157 4023 1219 4076 708.

335 4117 362 4180 a)
381 4113 482 4185 opusc,
501 4113 541 4170 iv
559 4135 586 4188 p.
602 4118 646 4174 dd.
684 4117 953 4189 massmannum
971 4117 1091 4188 (Grioolo.
1118 4117 1186 4174 Loro.
1206 4115 1282 4172 11·a
1305 4135 1334 4190 p.

238 4209 302 4280 488)
320 4209 539 4282 vituperandum
557 4219 638 4284 putat
655 4231 681 4272 v.
699 4213 744 4286 di,
771 4215 899 4286 squidem
918 4233 974 4272 non
991 4213 1082 4271 video.
1104 4217 1149 4270 An
1168 4231 1224 4270 non
1248 4213 1333 4270 hono·

236 4311 315 4363 ratur
331 4307 442 4364 Xuthuo
460 4309 589 4380 eoquod
606 4311 770 4384 peregrinus
788 4311 919 4368 &susam
939 4328 1053 4368 morem
1077 4310 1199 4382 aooipit'i
