3080 4960
752 407 786 461 bt

222 573 267 642 Gt.
289 575 359 642 Hel.
382 575 453 642 784.
474 575 546 642 974.
575 575 668 660 Soph.
690 578 800 646 Traolr.
822 579 873 646 27.
918 580 962 646 ut
992 581 1097 664 paucis
1128 585 1314 653 senteutiam

221 703 322 751 meam
344 685 540 769 complectar,
562 688 607 754 sic
627 688 702 770 puto
718 687 896 773 Euripidem
915 690 987 756 inde
1009 709 1072 756 av.
1087 692 1127 756 25
1142 693 1314 777 scripsisse:

369 791 444 860 ἐπεὶ
464 792 501 860 δὲ
521 795 574 860 καὶ
595 799 686 862 τοῦτ’
709 783 747 882 ἦν
767 791 876 883 φόβον
899 797 1023 864 πολλοῦ
1046 798 1164 879 πλέων,

283 905 323 970 27
366 908 494 970 κτανεῖν
515 907 573 993 σφ’
595 901 759 988 ε’βούλεοσ’
780 901 897 984 αὐτός·
920 897 1089 993 ὠμόφρων
1109 909 1136 974 d'
1160 904 1251 993 ὅμως

368 1009 474 1099 μήτηρ
496 1037 545 1078 νιν
567 1012 724 1096 ἐξέσωσεν
746 1012 916 1100 Αἰγίσθου
937 1012 1042 1099 χερός.

283 1124 321 1188 31
367 1121 403 1188 ἐκ
425 1122 529 1188 τοῖνδε
551 1117 591 1212 δὴ
614 1117 733 1190 τοιόνδ’
755 1118 995 1212 ἐμηχανήσατο·

247 1321 250 1328 Ι
283 1233 325 1296 34
366 1225 444 1316 ἡμῖν
464 1231 539 1318 λέχη
560 1231 695 1299 δίδωσιν
715 1224 896 1317 Ἠλέκτραν
918 1230 1011 1314 ἔχειν,

282 1342 322 1406 39
370 1334 415 1419 ὦς
432 1333 571 1409 ἀσθενεῖ
590 1338 668 1422 doris
688 1334 814 1430 ἀσθενῆ
835 1337 933 1425 λάβοι
954 1339 1069 1430 φόβον.

221 1451 258 1516 V.
280 1451 404 1516 40-42
431 1452 495 1516 iam
517 1450 729 1517 Kirclrhofflus
750 1453 784 1517 in
805 1452 938 1520 editione
966 1452 1083 1520 minore
1109 1453 1167 1520 sub
1195 1453 1314 1518 textum

221 1555 389 1644 relegavit3
410 1560 483 1624 sunt
504 1559 587 1624 enim
603 1560 813 1626 exactissimo
834 1560 889 1626 illo
904 1560 1179 1644 interpolationum
1195 1580 1314 1645 genere,

220 1687 282 1752 quo
301 1686 403 1743 causa,
436 1669 474 1733 ut
498 1667 592 1752 logici
613 1667 731 1746 dicunt,
762 1687 779 1734 c
807 1669 962 1735 contrario
986 1670 1135 1752 repetitur
1145 1669 1178 1752 ¹).
1221 1669 1317 1736 Prae·

220 1779 305 1843 terea
327 1796 494 1861 pronomen
514 1770 553 1864 ἥν
574 1776 665 1842 initio
688 1796 718 1841 v.
739 1777 781 1842 43
802 1778 936 1860 positum
959 1780 990 1844 et
1012 1798 1040 1844 v.
1062 1776 1187 1845 40-42
1209 1780 1240 1844 ct
1264 1798 1315 1845 eos

220 1903 297 1969 quos
330 1905 422 1970 supra
454 1886 661 1952 tractavimus
693 1887 818 1952 35-38
850 1885 995 1954 delendos
1021 1905 1085 1954 osse
1117 1887 1243 1954 clamet.
1273 1925 1315 1934 -

219 1995 330 2062 ¹llersui
354 1996 397 2061 44

416 2091 552 2191 ᾔσχυνεν
571 2095 661 2191 εὐνῇ·
683 2103 853 2187 παρθένος
876 2103 904 2169 δ’
927 2099 972 2172 ἔτ’
996 2104 1064 2172 ἐστὶ
1086 2100 1126 2195 δή

220 2214 343 2281 obelum
365 2211 507 2296 praefixit
528 2212 567 2278 N.
582 2212 660 2278 Met.
676 2213 879 2280 Gre'ocRom.
895 2216 928 2280 II
943 2235 972 2298 p.
985 2217 1061 2294 2523
1083 2215 1189 2282 tamen
1200 2233 1315 2299 uereor,

219 2343 258 2390 ne
281 2321 329 2388 vir
353 2321 550 2388 doctissimus
578 2322 672 2388 sicuti
699 2341 730 2387 v.
754 2324 792 2387 17
825 2322 903 2388 falso
930 2324 997 2388 loco
1025 2323 1202 2398 offenderim
1234 2324 1316 2388 certe

218 2422 451 2516 ἀποσιώπησις
480 2430 557 2496 mihi
584 2449 603 2496 a
630 2431 766 2514 simplici
787 2431 907 2516 prologi
929 2431 1102 2498 elocutione
1123 2449 1247 2517 prorsus
1268 2431 1316 2496 ri·

219 2541 309 2608 detur
330 2541 501 2608 abhorrere.
549 2539 597 2604 Ac
619 2557 657 2604 ne
677 2540 863 2606 mutandum
893 2539 1018 2623 quidem
1050 2559 1156 2608 csnsco
1188 2540 1315 2608 verbum

220 2639 353 2738 ᾔσχυνεν
374 2667 446 2714 cum
468 2647 582 2714 Weilio
604 2648 636 2714 ot
657 2647 935 2714 Rauchensteinio:
968 2648 1042 2732 quid
1071 2650 1162 2736 enim,
1192 2668 1314 2735 quaeso,

219 2759 308 2842 inest,
330 2758 413 2844 quod
426 2757 493 2823 iure
507 2757 684 2840 vituperes?
717 2757 828 2824 Nonne
850 2776 883 2822 rc
905 2777 978 2825 vcra
1000 2760 1169 2844 stuprum
1192 2755 1314 2842 esset2),

128 2853 137 2864 ’
219 2866 416 2952 stagneum,
438 2867 529 2933 homo
551 2885 667 2950 pauper
689 2867 720 2932 et
739 2867 875 2952 humilis,
905 2886 976 2934 cum
999 2869 1131 2949 Electra,
1158 2867 1239 2950 regis
1260 2885 1315 2950 po·

218 2975 387 3044 tentissimi
409 2974 484 3055 filia,
507 2975 744 3042 concumberet?
775 2974 904 3044 Goncise
925 2977 1025 3062 igitur
1046 2979 1077 3042 et
1096 2977 1210 3060 optime
1224 2976 1315 3041 Euri·

220 3085 304 3168 pidos
323 3084 480 3170 agricolao
501 3104 601 3153 mores
622 3084 766 3152 honestos
782 3087 931 3170 expressit
937 3108 945 3161 ;
967 3085 1089 3152 addidit
1100 3081 1314 3168 interpolator,

220 3194 274 3278 qni
294 3195 502 3278 spectantium
524 3195 572 3260 vel
592 3193 763 3278 legentium
784 3196 911 3279 ingenia
932 3193 1027 3260 uerba
1048 3193 1114 3259 tam
1138 3211 1241 3277 pressa
1262 3211 1316 3258 ca-

220 3322 290 3387 pere
312 3323 372 3370 non
395 3323 482 3388 posse
508 3304 731 3371 existumabat:

369 3415 411 3478 45
453 3405 644 3495 αἰσχύνομαι
665 3405 727 3496 γὰρ
749 3402 872 3494 ὀλβίων
892 3402 1019 3493 ἀνδρῶν
1038 3407 1134 3474 τέκνα

452 3515 561 3604 λαβὼν
582 3515 731 3604 ὑβρίζειν,
756 3510 795 3584 οὗ
816 3511 967 3601 κατάξιος
987 3512 1097 3604 γεγώς.

221 3629 282 3712 Qui
303 3649 418 3710 versus,
441 3649 511 3698 cum
533 3649 587 3714 per
608 3649 640 3696 se
660 3627 759 3695 multo
781 3629 883 3696 minus
897 3628 1004 3696 dicant
1023 3647 1116 3712 quam
1139 3626 1222 3694 iisd
1238 3645 1315 3710 quos

321 3837 348 3906 l)
366 3834 455 3903 Quam
478 3834 621 3890 celerrime
646 3833 730 3889 velim
754 3833 846 3890 deleas
870 3831 1044 3902 turpissimos
1072 3835 1101 3888 et
1128 3830 1315 3900 ineptissimos

221 3949 315 3988 versas
333 3931 430 3986 eodem
447 3931 618 4000 pertinentes
638 3932 788 3986 417-419.

320 4029 348 4096 2)
365 4026 445 4082 Hanc
464 4027 606 4082 notiomm
629 4026 713 4082 habet
737 4031 833 4082 nostro
858 4027 919 4082 loco
943 4025 1061 4081 verbum
1088 4018 1237 4097 αἰσχύνειν.
1275 4023 1315 4078 Of.

221 4121 350 4178 Erechth.
371 4120 425 4194 ἴτε.
443 4124 558 4192 timi,
583 4124 712 4179 (letarum
730 4141 786 4178 non
806 4122 978 4196 neglegenda
997 4127 1040 4178 est
1057 4122 1192 4178 Kvsceue
1210 4120 1316 4178 comisc-

223 4223 288 4274 ειη
315 4217 440 4289 (muco
456 4234 492 4272 ιι
509 4218 666 4291 ποσιτιον.
707 4219 786 4276 uses
805 4223 882 4276 rore.
905 4237 933 4290 p.
952 4219 999 4290 ιε)
1028 4203 1059 4287 ἧς
1077 4247 1110 4260 -
1129 4211 1217 4284 aaa.
1254 4216 1317 4291 nge

222 4319 316 4370 umen
334 4332 390 4372 non
407 4315 551 4372 amatior.
