3080 4960
237 577 401 660 prologum
422 577 615 660 euspioomm
638 575 715 644 dues
737 577 895 644 ooubuore
915 577 1119 657 uenationes,
1142 579 1336 662 quorumeu-

237 688 305 752 tem
332 705 379 752 res
408 687 449 753 od
471 685 692 771 Polymestoris
713 688 874 765 ultionem,
908 687 1006 754 altera
1032 706 1079 756 roe
1101 688 1141 756 ad
1163 688 1336 772 Polyxenus

239 795 432 862 devotionem
460 796 649 879 pertinentes
674 796 816 880 exponat.
859 795 926 862 Has
955 815 1029 864 seue
1051 798 1154 880 pentes
1174 797 1266 864 faoile
1287 816 1336 863 re-

237 905 349 986 peries:
376 905 460 987 prior
482 905 621 988 procedit
643 905 800 988 usquead
825 923 852 971 ι.
877 906 927 984 34,
949 906 1022 972 inde
1043 899 1154 989 insipit
1175 906 1334 988 posterior.

238 1013 401 1080 Praetereo
423 1015 575 1080 neminem
592 1015 676 1098 fugit
690 1033 719 1080 r.
731 1016 865 1093 lib-58,
888 1015 1000 1098 quibus
1015 1015 1189 1098 Polydorus
1203 1015 1334 1084 matrem

238 1123 480 1202 sommioeratur,
513 1143 532 1188 a
555 1141 680 1206 corporo
700 1124 822 1207 prologi
843 1143 908 1190 esso
929 1124 1143 1200 ssoernondos;
1176 1123 1334 1190 ooneludit

132 1239 135 1252 ’
237 1231 428 1313 apertissime
448 1250 552 1296 rerum
574 1232 795 1314 expositionem
816 1233 954 1298 versibus
976 1233 1112 1312 51-54,
1135 1233 1247 1316 quibus
1262 1250 1336 1298 oon-
1457 1261 1461 1270 ·

236 1339 342 1404 silium
373 1357 516 1406 sueonum
548 1340 742 1424 relinquendi
774 1342 877 1408 edioit.
924 1340 984 1408 Sed
1013 1359 1080 1408 aem
1110 1342 1230 1424 portem
1256 1357 1335 1422 quoe

238 1448 372 1530 pertinet
390 1467 488 1532 usque
507 1447 548 1514 ad
570 1468 599 1514 u.
621 1450 664 1514 34
686 1467 747 1516 uon
770 1469 866 1516 unam
886 1467 953 1516 esse
974 1450 1087 1516 iudioo.
1130 1449 1231 1516 Aetio·
1252 1448 1335 1514 euim

237 1557 346 1636 altere,
369 1575 448 1641 quae
469 1558 610 1623 versatur
624 1558 656 1622 in
672 1557 790 1624 ultione
800 1556 1031 1642 Polymestoris,
1057 1577 1092 1624 eo
1107 1559 1229 1636 nititur,
1252 1555 1334 1640 quod

236 1667 295 1732 iste
316 1667 471 1732 Phraeum
494 1684 544 1731 rex
559 1666 751 1751 Polydorum
769 1655 829 1734 sibi
851 1667 1051 1734 commissum
1074 1667 1239 1734 interierit.
1270 1667 1335 1732 Ita·

237 1795 297 1860 que
315 1795 334 1843 a
357 1795 385 1841 r.
402 1778 440 1842 16
455 1777 588 1858 priorem
605 1795 708 1842 rerum
721 1777 951 1842 enarrationem
968 1776 1095 1844 initium
1117 1795 1234 1859 capere,
1254 1794 1335 1858 quae

236 1885 424 1968 praeoedunt
451 1885 488 1951 de
514 1903 624 1968 genere
651 1887 682 1950 et
712 1885 866 1967 prioribus
888 1885 1036 1969 Polydori
1066 1885 1140 1952 istis
1173 1883 1331 1952 exordium

236 2013 301 2060 esse
321 1994 468 2059 dioemus.
511 1994 602 2060 Hane
621 1994 722 2076 igitur
742 1993 835 2058 babes
858 1993 979 2076 prologi
1000 1993 1247 2075 dispositionem:
1271 1992 1332 2056 llx-

237 2101 359 2167 ordium
381 2101 597 2183 eomplootitur
619 2120 648 2166 v.
674 2101 785 2178 1-15‚
818 2100 902 2181 prior
930 2102 1117 2168 narrationis
1146 2121 1218 2183 pars
1239 2121 1269 2167 y.
1293 2102 1332 2166 16

238 2211 330 2288 -nd,
352 2210 451 2276 altere
473 2228 501 2274 u.
524 2210 657 2286 35-oo‚
681 2209 837 2275 eouelusio
862 2228 887 2273 v.
912 2211 1332 2294 51—541).-1amquoe

237 2320 327 2398 nitur,
350 2319 454 2382 utrum
477 2319 700 2384 sententiarum
714 2316 797 2384 'ordo
818 2319 853 2382 in
874 2319 933 2384 boo
954 2319 1081 2402 prologo
1097 2320 1172 2386 bene
1186 2319 1331 2402 prooedat

238 2448 340 2494 neone.
383 2427 461 2492 Mihi
483 2427 616 2510 quidem,
639 2427 695 2492 etsi
718 2447 807 2494 uerno
830 2428 982 2493 editorum
1005 2427 1101 2493 ullam
1127 2428 1330 2510 suspicionem

237 2539 461 2622 pronuntiavit,
494 2557 556 2603 uon
582 2538 713 2604 videtur.
756 2536 897 2602 Primum
923 2557 971 2603 me
1000 2538 1139 2620 graviter
1170 2535 1331 2602 offendunt

239 2667 267 2714 v.
293 2649 430 2714 13-15:

388 2770 548 2851 νεώτατος
569 2775 597 2840 δ’
620 2762 640 2864 ἦ
662 2777 865 2859 Πριαμιδῶν,
890 2769 909 2842 ὃ
930 2778 984 2842 καί
1005 2802 1045 2850 με
1066 2778 1124 2866 γῆς

383 2881 639 2966 ὑπεξέπεμψεν·
662 2874 817 2968 οὔτεγὰρ
840 2885 952 2972 φέρειν
974 2881 1062 2950 ὅπλα

386 2984 453 3058 οὔτ’
478 2990 571 3076 ἔγχος
593 2983 669 3071 οἷός
688 2993 715 3057 τ’
739 2981 758 3084 ἦ
780 2993 843 3080 νέῳ
863 2995 1020 3076 βραχίονι.

236 3119 404 3186 Videamus
425 3121 649 3186 sententiarum
671 3139 791 3186 nexum.
835 3121 1006 3204 Postquam
1029 3120 1200 3204 Polydorus
1221 3120 1330 3203 primis

236 3229 355 3311 prologi
378 3229 514 3293 versibus
536 3246 632 3311 genus
655 3245 743 3292 suum
760 3229 908 3310 exposuit,
930 3229 1090 3294 Priamum
1107 3229 1236 3311 patrem,
1259 3245 1329 3294 rum

237 3335 330 3402 Troia
354 3337 387 3401 in
415 3354 449 3401 eo
476 3336 563 3415 esset,
599 3338 635 3401 ut
659 3356 678 3403 a
701 3335 826 3401 Graecis
854 3334 1089 3421 expugnaretur,
1121 3336 1160 3403 ad
1186 3335 1330 3422 Polyme·

236 3446 358 3524 morem,
393 3443 548 3512 Piraeum
576 3464 689 3529 regem,
722 3443 831 3510 multis
857 3463 927 3511 enm
953 3445 1128 3511 thensauris
1155 3463 1187 3511 se
1210 3445 1330 3512 misisse

235 3555 350 3620 narrat.
395 3555 464 3620 Iam
485 3555 523 3619 iis
546 3573 622 3637 quos
643 3555 819 3620 tractamus
841 3555 979 3620 versibus
1000 3554 1040 3620 ad
1062 3571 1265 3637 genuussuum
1280 3571 1330 3620 rs·

234 3663 352 3730 labitur
379 3663 558 3748 Polydorus.
602 3663 671 3744 Qui,
705 3681 791 3747 rogo,
823 3659 966 3728 delendos
996 3663 1077 3728 hune
1105 3663 1328 3729 sententiarum

234 3775 467 3856 retrogressum,
488 3790 591 3854 puero,
614 3791 652 3837 ne
674 3771 821 3838 medioori
843 3771 966 3854 quidem
986 3773 1076 3855 poete
1098 3772 1252 3855 dignum?
1295 3770 1328 3837 si

235 3879 371 3947 indicare
392 3881 515 3947 rolebnt
537 3880 700 3964 Euripides
722 3881 910 3964 Polydorum
940 3881 1102 3946 minimum
1127 3882 1203 3948 natu
1232 3880 1328 3946 fuisse

337 4101 364 4168 i)
381 4097 447 4157 Alia
465 4102 507 4154 sot
522 4097 561 4184 ¹de
577 4097 658 4154 huius
677 4098 787 4168 prologi
805 4097 958 4166 partitione
970 4097 1327 4169 lutilawsliueefflellur.

238 4194 330 4251 studio
348 4193 555 4264 aequabilitatis
576 4211 603 4264 p.
621 4193 667 4263 28)
687 4193 833 4261 sententie,
856 4211 939 4264 quam
956 4193 1056 4252 fabem
1074 4213 1132 4252 eres
1150 4195 1235 4252 exiis
1254 4209 1327 4262 quae

236 4291 377 4362 disputavi
396 4306 531 4361 apparere
547 4295 628 4364 puto,
