3080 4960
760 359 793 409 72

229 513 471 590 substituamus:
494 514 612 580 certum
635 512 713 578 milri
735 513 782 578 est
805 512 962 596 scripsisse
980 511 1158 594 Euripidem
1180 497 1270 589 ἄναξ.
1285 545 1321 555 -

229 621 267 687 V.
292 623 331 688 21

380 728 541 816 ἐπίσημον
562 725 609 806 εἰς
623 723 777 814 Ἓλληνας
796 699 1009 811 Ἀγσμέμνων
1029 717 1117 808 ἅναξ,

229 864 262 930 in
283 883 343 948 quo
365 861 413 942 εἰς
426 859 582 949 ’Έλληνας
607 863 810 930 falsissimum
832 863 887 947 est,
919 862 1002 928 recte
1024 861 1140 928 deleuit
1162 854 1329 927 Usenerus.'

230 967 337 1040 Eidtus
359 973 483 1040 ridetur
505 994 521 1040 e
543 994 572 1040 v.
595 973 665 1038 249.
688 974 728 1038 50
1226 987 1228 994 ’

380 1107 573 1193 ἐπίσημον
595 1103 685 1173 ἔτεκε
708 1100 902 1187 Τυνδάρειος
923 1101 970 1182 εἰς
990 1099 1048 1170 τὸν
1069 1098 1176 1188 ψόγον

379 1215 469 1298 γένος
489 1215 680 1300 θυγατέρων
701 1213 851 1292 δυσκλεές
872 1214 899 1278 τ’
923 1205 973 1279 εἶν’
994 1208 1129 1278 Ἑλλάδα
1139 1212 1170 1297 ¹).

231 1353 335 1418 Etiam
366 1353 399 1416 in
431 1351 491 1417 fine
520 1351 635 1417 exordii
662 1327 782 1427 haereo,
817 1368 877 1433 quo
904 1349 1027 1414 Electra
1052 1348 1098 1414 sic
1121 1349 1262 1434 loquitur
1289 1349 1327 1414 de

139 1483 165 1554 ᾗ
233 1479 327 1526 causa
348 1462 430 1526 necis
455 1460 710 1545 Agamemnonis:
800 1468 802 1473 ’

331 1595 372 1660 24
713 1577 760 1658 ὦν
781 1593 810 1656 d'
833 1590 923 1657 ἕκατι
944 1589 1103 1678 παρθένῳ
1125 1591 1228 1678 λέγειν

381 1700 419 1768 οὐ
441 1695 557 1768 καλόν·
586 1699 629 1768 έιῗι
651 1704 739 1766 τοῦτ’
765 1693 889 1790 ἀσαφές
912 1700 945 1767 έν
969 1702 1068 1787 κοινῷ
1090 1705 1238 1770 σκοπεῖν.

232 1840 392 1904 Postrema
415 1838 507 1903 verba
531 1836 583 1902 vir
612 1837 740 1919 possunt
768 1836 908 1920 intellegi
939 1853 1036 1920 neque
1065 1836 1147 1902 ullus
1176 1837 1328 1919 interpres

231 1947 314 2013 recte
335 1950 366 2012 et
388 1947 532 2011 accurata
553 1945 727 2028 explicavit.
761 1947 905 2008 Σκοπεῖν
927 1945 1008 2010 enim
1029 1943 1203 2011 infinitivus
1222 1963 1328 2027 opero·

233 2055 352 2138 geticus
378 2055 425 2118 est
457 2054 602 2118 adiectivi
629 2045 762 2136 ἀσαφές,
797 2053 847 2118 oui
872 2052 999 2118 additur
1027 2050 1060 2116 ἐν
1079 2054 1178 2138 κοινῷ
1202 2053 1224 2119 i.
1246 2073 1271 2119 ε.
1293 2053 1328 2118 in

232 2162 365 2245 publico.
407 2161 476 2226 Hoc
497 2162 596 2245 igitur
615 2163 692 2226 dicit
707 2162 830 2226 Electra
851 2180 883 2226 se
904 2163 936 2224 in
951 2161 1074 2243 publico
1097 2179 1223 2228 causam
1244 2162 1328 2228 necis

235 2270 477 2354 Agamemnonis
510 2289 572 2334 non
604 2270 886 2352 pronuntiaturam.
931 2269 1023 2334 Vides
1054 2287 1148 2353 quam
1180 2270 1264 2335 mala
1297 2269 1329 2336 et

230 2380 381 2463 languida
401 2379 442 2444 sit
462 2380 524 2445 ista
546 2378 708 2459 sententie,
730 2379 862 2445 marimo
881 2381 1009 2445 verbum
1029 2382 1177 2444 σκοπεῖν.
1216 2379 1329 2464 Itaque

232 2507 289 2571 ego
318 2489 358 2554 ab
386 2487 607 2571 interpolatore
639 2487 805 2554 dilatatam
836 2489 911 2571 puto
943 2489 1131 2555 sententiam
1160 2487 1328 2573 Euripidis,

234 2596 287 2680 qui
309 2597 385 2662 haec
406 2597 469 2662 fere
489 2598 628 2680 scripsit:

509 2801 513 2810 ⁸
573 2715 619 2795 ὧν
640 2730 667 2796 δ’
691 2728 781 2796 ἕκατί
800 2734 834 2814 μ’
858 2723 897 2796 οὗ
919 2727 1017 2797 καλὸν
1040 2731 1193 2816 [πρέπει]
1217 2731 1329 2815 λέγειν.

334 2866 480 2949 Sequitur
502 2884 537 2931 ca
560 2866 681 2950 prologi
700 2887 782 2949 pars,
807 2887 886 2951 quae
909 2867 1109 2933 fundamento
1133 2869 1179 2934 est
1200 2867 1261 2933 toti
1282 2866 1331 2932 fa·

158 3056 160 3060 ¹
234 2975 325 3040 bulas
347 2975 389 3054 (v.
413 2973 563 3058 28-66):
597 2955 763 3041 edocentur
789 2978 975 3059 spectatores
1001 2976 1038 3040 de
1062 2976 1153 3042 caede
1174 2967 1341 3060 Clytaem·'

233 3083 363 3161 nestrae,
386 3083 423 3148 de
444 3081 566 3148 insania
579 3083 707 3164 Orestis,
730 3084 767 3149 de
789 3084 904 3150 iudicio
919 3085 1119 3168 Argivorum,
1142 3085 1179 3150 de
1193 3085 1330 3150 adventu

234 3191 377 3258 Menelai.
421 3192 499 3258 Cum
531 3193 635 3258 autem
666 3193 829 3276 Euripides
854 3193 1007 3259 Helenam
1039 3211 1161 3277 quoque
1193 3195 1224 3259 et
1250 3194 1331 3258 Her-

234 3300 371 3366 mionam
392 3302 425 3365 in
447 3297 590 3367 scaenam
612 3303 720 3366 statim
743 3302 948 3383 producturus
970 3303 1021 3384 sit,
1049 3303 1142 3369 ctiam
1163 3303 1221 3368 hoo
1240 3323 1331 3386 erpo·

233 3408 329 3490 nitur,
362 3410 416 3493 qui
437 3410 494 3475 fiat
514 3412 550 3476 ut
572 3411 645 3476 illae
665 3411 808 3476 mulieres
827 3411 860 3474 in
882 3410 973 3478 domo
997 3411 1239 3495 Agamemnonis
1261 3431 1331 3478 ver-

230 3661 233 3665 ’
335 3664 362 3734 1)
380 3663 499 3720 Videtur
516 3665 586 3720 mihi
601 3665 650 3721 ille
667 3682 763 3720 versus
781 3669 938 3736 postremae
956 3665 1057 3721 aetatis
1071 3681 1138 3735 esse,
1158 3681 1228 3736 quae
1247 3667 1284 3725 εις
1302 3670 1330 3720 ct

235 3761 383 3830 lususque
401 3760 491 3831 deque
508 3761 638 3817 habebat.
675 3762 747 3817 Novi
765 3779 852 3816 unum
876 3765 1023 3831 praeterea
1048 3763 1139 3817 locum
1159 3761 1254 3816 eadem
1272 3779 1330 3816 ma·

235 3858 297 3912 cula
318 3858 489 3928 adspersum,
518 3858 700 3915 Heracl147.
737 3859 910 3930 Hartungns,
930 3858 978 3928 qui
997 3876 1068 3913 unus
1087 3859 1188 3913 vitium
1204 3855 1330 3913 animad-

235 3953 330 4022 vertit,
349 3955 460 4024 scripsit
479 3956 509 4010 ἐν
520 3960 572 4010 σοι.
610 3956 664 4010 Sed
682 3957 774 4011 locum
793 3955 940 4010 emendare
958 3948 1086 4025 equidem
1103 3973 1256 4025 propensus
1273 3955 1331 4009 non

234 4067 303 4120 sum,
321 4052 486 4119 praesertim
505 4070 567 4108 cum
586 4057 662 4108 certa
680 4053 904 4122 interpolationis
925 4053 1045 4124 vestigia
1062 4052 1207 4108 accedant:
1233 4065 1330 4107 venue

233 4162 290 4200 una
309 4163 371 4202 cnm
389 4147 452 4202 aliis
475 4149 558 4204 huius
581 4148 636 4204 loci
656 4149 766 4219 spurius
789 4152 840 4204 est.
876 4146 981 4203 Tamen
1009 4147 1078 4204 fines
1105 4147 1329 4219 interpolationis

235 4259 310 4298 nnnc
328 4261 385 4298 non
404 4247 509 4300 statuo:
528 4245 667 4301 monuisse
686 4245 752 4300 satis
771 4249 821 4300 est.
