3080 4960
802 397 837 452 38

270 565 411 646 πίτνωνς
443 589 481 636 ac
510 570 537 636 si
567 570 711 637 audimus
743 590 772 636 v.
800 571 840 635 73
865 559 963 648 δλλος
985 559 1137 651 ἄλλοθεν,
1172 591 1201 638 r.
1224 571 1264 637 78
1288 573 1361 648 σᾶς,
1389 615 1391 620 -

271 696 420 762 magnum
453 698 517 746 esse
549 680 716 746 liberorum
748 698 910 745 numerum
942 681 1033 747 facile
1060 682 1266 765 suspicamur:
1302 699 1364 746 non

270 787 375 852 tamen
406 789 478 853 sunt
509 787 569 853 nisi
597 788 660 853 tros
689 787 793 866 (et-v.
815 789 899 864 474).
943 789 1045 855 Verba
1073 784 1134 872 ἐγώ
1160 786 1196 854 δὲ
1217 787 1363 874 διαφέρω
1474 876 1477 882 1

270 889 395 978 λόγοισι
426 890 621 979 μυθεύουσα
649 895 809 961 continent
840 896 1050 980 τυυτολογίον
1082 898 1112 963 et
1144 898 1364 982 argumentum

271 1020 332 1066 non
355 1000 529 1083 tolerabile3
553 1023 651 1086 neque
672 1002 805 1068 debebat
830 1003 1017 1085 Amphitruo
1041 1024 1070 1069 v.
1092 1006 1133 1069 98
1145 1025 1191 1090 sq.
1220 1006 1365 1089 Megarae

270 1109 301 1174 id
323 1109 460 1188 suadere,
483 1111 565 1194 quod
581 1130 612 1176 se
634 1111 742 1176 fecisse
764 1110 812 1175 his
827 1111 964 1176 uersibus
984 1113 1089 1195 aperte
1107 1113 1235 1179 dixerat.
1259 1113 1366 1194 Quan-

270 1217 375 1298 topere
406 1219 510 1284 autem
540 1220 625 1284 totus
653 1219 739 1284 locus
773 1238 843 1284 eum
876 1219 1022 1302 Megarae
1049 1221 1204 1288 moriendi
1236 1221 1365 1288 oonsilio

270 1327 397 1408 pugnet,
418 1325 516 1392 lector
537 1328 601 1410 ipse
623 1327 716 1394 velim
739 1327 896 1393 diiudicet.
928 1327 1093 1394 Deleamus
1114 1329 1213 1414 igitur
1228 1330 1283 1395 hos
1298 1348 1366 1394 mo·

269 1435 451 1501 lectissimos
473 1455 587 1517 versus,
623 1456 699 1522 quos
722 1437 761 1502 ab
789 1436 895 1502 eodem
917 1437 1078 1502 hominum
1105 1455 1226 1524 genere,
1260 1439 1315 1522 qui
1336 1458 1364 1504 v.

257 1545 437 1610 ·629—636
458 1545 664 1626 inculcarunt,
692 1566 708 1613 e
730 1566 758 1613 v.
781 1547 926 1613 98-100
949 1546 1037 1612 fictos
1058 1566 1122 1612 esse
1142 1549 1193 1613 vir
1215 1548 1261 1612 est
1283 1547 1365 1630 quod

270 1670 421 1718 moneam.
448 1689 481 1698 -
506 1653 657 1720 intortio
679 1653 801 1738 prologi
827 1654 894 1719 loco
924 1652 1101 1736 explicando
1129 1653 1246 1721 frustra
1272 1655 1366 1721 suda·

270 1762 343 1825 runt
362 1761 559 1845 interpretes:

369 1887 409 1952 57
451 1889 606 1952 τοιοῦτον
627 1877 859 1972 ἀνθρώποισιν
879 1881 899 1973 ἦ
921 1886 1112 1970 δυσπραξία,
1132 1887 1134 1892 ’

453 1977 490 2085 ἧς
510 1989 640 2085 μήποθ’
670 1989 761 2074 ὅστις
781 1995 835 2060 καὶ
855 1994 965 2078 μέσως
985 1984 1102 2073 εἶν’νους
1123 1994 1197 2080 ἐμοὶ

455 2097 555 2184 τύχοι,
577 2103 684 2190 φίλων
697 2099 837 2188 «ἔλεγχον
857 2094 1109 2188 ἀψευδέστατον.

257 2231 382 2298 'Nonne
409 2231 568 2310 miramur,
601 2232 627 2296 si
648 2231 782 2314 legimus
809 2252 838 2297 r.
860 2231 923 2296 58?
966 2231 1076 2296 Nonne
1098 2251 1254 2314 rogamur,
1289 2231 1365 2314 quid

270 2340 397 2406 tandem
418 2340 675 2422 Amphitruonem
700 2341 875 2422 compellat,
899 2339 935 2404 ut
956 2339 1014 2404 hoc
1033 2339 1134 2422 ipsum
1151 2340 1257 2405 votum
1272 2340 1366 2424 idque

270 2450 337 2514 tam
358 2449 438 2514 mira
468 2449 568 2515 forma
597 2449 798 2532 pronuntiet?
824 2431 910 2528 ted,
945 2448 1026 2533 quod
1057 2443 1278 2533 grauissimum
1307 2448 1364 2528 est,

270 2557 363 2623 verba
381 2555 491 2643 φίλων
514 2554 643 2641 ἔλεγχον
664 2548 952 2642 &predictaverat
978 2557 1218 2642 grammaticam
1240 2575 1366 2640 sequere

246 2751 247 2758 ἵ
271 2665 310 2730 ad
332 2666 517 2732 sententiam
540 2648 577 2751 ἧς
597 2702 633 2714 ·-
657 2660 757 2748 τύχοι,
789 2668 815 2732 si
835 2687 967 2746 sensum,
1002 2666 1042 2733 ad
1064 2663 1265 2749 δυσπραξίαν
1285 2665 1335 2730 ref
1351 2699 1366 2714 -

270 2775 366 2840 reuda
380 2777 466 2840 sunt:
489 2777 635 2840 neutrum
649 2776 764 2842 bonum
783 2777 870 2858 eso).
894 2775 988 2842 Vides
1003 2793 1089 2857 spero
1100 2774 1364 2856 interpolatorem,

271 2883 325 2967 qui
345 2885 499 2968 tragicam
521 2883 689 2950 dictionem
710 2885 829 2950 imitari
852 2885 994 2963 voluerit,
1017 2902 1077 2949 non
1100 2882 1250 2966 potuerit3
1277 2881 1366 2986 euius

271 2992 456 3074 sapientiam
491 2993 590 3059 multo
623 2992 734 3059 melius
766 2994 797 3059 et
829 2994 951 3060 acutius
983 2993 1171 3078 expresserat
1201 2991 1367 3075 Euripides

273 3120 300 3166 τ.
324 3102 374 3168 55.

542 3248 571 3321 ’8.
614 3255 665 3320 Da
684 3253 903 3338 supplicum
923 3253 1088 3337 prologo.

372 3406 478 3473 Pauca
507 3407 585 3472 mihi
610 3406 648 3472 de
673 3405 853 3490 Supplicum
883 3406 1011 3488 prologo
1040 3400 1170 3469 dicenda
1196 3404 1279 3484 sunt,
1312 3407 1377 3489 qui.

271 3534 350 3581 unus
370 3515 452 3582 inter
474 3533 577 3582 omnes
599 3515 685 3581 nulla
707 3514 849 3580 foedatus
868 3515 915 3581 est
941 3511 1186 3596 interpolatione.
1227 3512 1368 3580 Lucidiu-

273 3625 349 3690 sime
375 3626 480 3691 autem
510 3624 660 3708 disposita
688 3625 735 3689 est
756 3625 831 3689 haee
853 3624 988 3689 Aethrae
1018 3621 1127 3701 oratio,
1161 3637 1264 3705 neque.
1290 3624 1367 3690 satis

270 3752 397 3818 possum
426 3733 543 3813 mirari,
576 3732 729 3816 quomodo
746 3733 793 3813 is,
827 3733 881 3817 qui
901 3733 939 3798 de
961 3732 1162 3818 symmetriae
1185 3730 1367 3816 Supplicum
1391 3770 1393 3776 ·

274 3923 469 3932 —-.-..-.

371 4011 397 4082 1)
415 4012 476 4067 Hoc
493 4012 584 4083 ipsum
602 4010 802 4067 animadvertit
820 4011 957 4080 Reiskius,
986 4012 1034 4082 qui
1060 4012 1129 4070 haec
1147 4013 1258 4070 scribit:
1290 4014 1367 4083 „Aut
1467 4083 1471 4090 ι

271 4111 382 4181 ἔλεγχος
398 4105 610 4180 ἀψευδέστατος,
639 4115 672 4166 ut
691 4110 727 4166 ad
745 4109 897 4180 δυσπραξία
917 4108 1023 4180 redeat,
1051 4115 1100 4166 aut
1118 4111 1232 4184 ἐλέγχου
1249 4106 1367 4179 ἀψευδε-

272 4201 377 4270 erema,
397 4211 430 4262 ut
447 4205 483 4262 ad
501 4191 531 4274 ἧς
548 4212 577 4262 et
593 4201 678 4278 τύχοι.
710 4207 739 4262 Si
752 4211 845 4264 autem
857 4206 973 4280 ἔλεγχον
984 4203 1190 4277 ἀψευδέστατον
1201 4206 1366 4278 retineatur,

272 4302 386 4361 debebit
402 4299 436 4371 ἦν
455 4308 483 4362 st
501 4298 580 4376 λάχοι
597 4304 679 4378 legi.“
