3080 4960
757 421 790 474 lt
922 417 926 428 '

219 587 325 656 suso.
351 587 429 654 VIII
458 607 486 671 p.
508 589 584 656 377:
628 581 824 673 Βέροσθεύς
855 588 914 674 μέν
938 575 996 656 σίν
1025 582 1226 673 στρατεύσας
1257 584 1319 666 είς

223 698 458 778 Μαραθῶνα
479 696 536 763 daci
556 693 633 777 τούς
652 693 865 782 Ἡρακλείδας
894 693 1180 784 βοηθησάντων
1200 689 1320 784 Ἀθη-

222 802 342 869 ναίων
372 799 552 888 ἱστορεῖται
583 811 700 873 πεσεῖν
728 805 762 874 ἐν
788 809 829 896 τῇ
856 801 952 893 μάχη.
1000 807 1144 890 Apolled.
1166 808 1199 872 II
1234 809 1319 890 8,1:

223 908 427 997 Διωκόμονοι
449 913 485 982 δέ
507 915 562 1000 (sc.
583 910 616 982 οί
635 911 860 1001 Ἡρακλεῖδαι)
874 903 981 1004 ἦλθον
1001 911 1059 994 είς
1076 907 1244 1002 Ἀθήνας
1265 915 1320 980 καὶ

222 1021 448 1100 καθεσθέντες
462 1021 519 1090 ἐντί
532 1020 591 1090 τὸν
606 1016 717 1090 Ἐλέου
728 1023 842 1110 βωμὸν
857 1018 966 1112 ἠξίουν
978 1027 1193 1109 βοηθεῖσθαι.
1215 1014 1320 1107 Ἀθη-

224 1133 311 1194 ναῖοι
331 1129 368 1196 δέ
395 1123 455 1196 οὐκ
476 1126 658 1210 adnotasse
683 1124 803 1211 αὐτους
828 1128 914 1216 πρὸς
938 1131 996 1198 τὸν
1017 1124 1195 1215 Εὐρυσθέα
1220 1125 1320 1197 στόλο-

224 1261 287 1320 μον
301 1232 487 1323 ὑπέστησαν
501 1239 569 1306 κτλ.
612 1239 688 1306 Post
709 1243 841 1308 mortem
862 1240 1026 1324 Eurysthei
1049 1257 1120 1305 cum
1136 1238 1320 1305 Heraclidae

224 1365 278 1430 per
309 1366 406 1414 unum
440 1367 557 1414 anuum
584 1349 828 1432 Peloponnesum
858 1349 1067 1432 occupassent,
1099 1338 1321 1424 ἀπολιπόντος
1366 1411 1372 1428 ,

226 1451 482 1541 Πελοπόννησον
503 1446 710 1542 ἀνεχώρησαν
731 1453 790 1534 είς
812 1457 1044 1540 Μαραθῶνα
1064 1457 1120 1522 καὶ
1132 1455 1201 1522 ἐκεῖ
1217 1448 1321 1541 κατῴ-

225 1587 312 1630 κουν.
339 1565 486 1632 Philostr.
500 1565 556 1630 via
577 1566 662 1647 soph.
677 1566 709 1632 II
724 1585 754 1649 p.
772 1567 851 1632 550:
873 1560 1089 1632 πενθούντων
1102 1562 1244 1651 δημοσίᾳ
1253 1563 1321 1628 τῶν

225 1665 444 1758 Ἀθηναίων
468 1667 527 1736 τὸν
549 1667 671 1759 κήρυκα
692 1668 751 1738 τὸν
764 1673 916 1756 Κοπρέα,
940 1664 977 1740 ὃν
996 1665 1110 1740 αὐτοὶ
1129 1662 1322 1738 ἀπέκτειναν

225 1776 303 1860 τους
320 1776 534 1864 ‘Romanitas
553 1784 613 1848 τοῦ
633 1782 750 1865 βωμοῦ
771 1773 982 1848 ἀποσπῶντα.
1030 1782 1123 1848 Vides
1151 1781 1319 1848 marimum

225 1893 353 1958 testium
375 1891 557 1958 dissensum.
599 1890 790 1976 Pherecydes
811 1893 894 1958 enim
908 1893 1040 1972 (Anien.
1060 1889 1141 1972 Lib.)
1162 1890 1194 1954 et
1208 1889 1321 1956 Strabo

226 2000 336 2066 fficunt
355 1998 539 2068 Heraclidas
562 1999 747 2066 Marathone
769 2001 874 2080 fnisse,
896 2020 967 2068 cnm
988 2000 1177 2086 Eurystheus
1198 2017 1249 2064 eos
1270 2016 1321 2064 ex·

226 2109 371 2189 agitaret,
405 2107 558 2172 Diodorus
589 2107 777 2191 Tricorythi,
815 2108 1024 2191 Apollodorus
1053 2109 1084 2174 et
1111 2107 1321 2174 Philostratus

227 2215 373 2292 hthenie3
395 2219 500 2282 tarmn
522 2216 730 2299 Apollodorus
751 2235 802 2282 eos
823 2218 1045 2299 postmortem
1067 2215 1233 2301 Eurysthei
1253 2215 1321 2280 hla-

226 2325 357 2392 rathone
377 2325 543 2404 habitasse,
577 2325 733 2392 Diodorus
756 2325 976 2410 Tricorythnm
996 2325 1111 2392 redisse
1131 2323 1192 2406 (IV
1213 2324 1265 2406 58,
1286 2321 1321 2407 4)

228 2434 388 2500 memorat.
433 2434 503 2500 Una
524 2433 630 2502 auum
650 2433 684 2498 in
703 2452 738 2500 re
755 2453 861 2502 omnes
879 2436 936 2502 aut
954 2434 1154 2501 consentiunt
1167 2434 1224 2498 aut
1241 2432 1322 2498 certe

227 2559 288 2608 non
309 2541 531 2610 adsumatur:
553 2558 734 2622 praeconem
755 2540 929 2624 Eurysthei,
950 2541 1005 2623 qui
1027 2539 1201 2622 exposceret
1221 2537 1322 2604 Hera

227 2649 334 2732 clidas,
356 2649 483 2726 venhsc,
506 2647 542 2713 ut
562 2647 623 2714 fert
644 2665 748 2714 rerum
768 2649 893 2726 natura,
916 2648 1062 2714 Athenas.
1084 2683 1124 2694 -
1149 2647 1218 2712 Iam
1229 2645 1322 2712 Euri·

227 2757 312 2841 pides
333 2756 394 2823 duo
416 2755 549 2822 actionis
571 2757 648 2836 loca,
679 2759 715 2822 ut
736 2759 784 2826 ita
804 2757 918 2841 dicam,
949 2757 983 2822 in
1004 2756 1111 2824 fabula
1133 2773 1190 2822 sua
1212 2755 1323 2820 hahere

229 2885 289 2932 non
310 2865 429 2948 potuit:
451 2863 626 2944 eligendum
648 2865 676 2932 ei
698 2867 765 2932 erat
785 2867 867 2932 inter
883 2865 1063 2948 Tetrapolin
1076 2863 1320 2946 (Marathonem)

228 2977 260 3039 et
280 2975 426 3040 Athenas.
472 2972 583 3040 Utrum
604 2977 709 3040 auum
731 2975 837 3042 urbem
861 2974 995 3056 elegerit,
1017 2974 1124 3044 dicant
1146 2973 1282 3056 primm
1299 2972 1322 3036 ii

229 3083 282 3165 qui
304 3083 361 3150 hac
382 3081 420 3150 de
438 3082 683 3165 rescripserunt.
716 3084 896 3152 Welckerus
911 3083 1034 3150 ossea
1051 3083 1146 3166 Τνσυ.
1161 3081 1195 3148 Π
1207 3080 1321 3164 pros:

229 3189 317 3273 „Der
339 3189 421 3256 Οίιον
444 3189 558 3256 tcatedt
578 3212 637 3257 uus
658 3191 778 3259 uitem
793 3193 966 3275 Mdnnern,
987 3191 1039 3258 dic
1058 3212 1100 3256 aa
1120 3191 1182 3256 dea
1196 3189 1322 3256 Setae·

226 3299 384 3378 tameo
411 3323 464 3368 um
484 3299 596 3366 Altero
625 3299 679 3368 cles
704 3301 784 3368 Ζοαο
805 3303 950 3386 Acerdos
974 3302 1016 3368 ia
1036 3298 1243 3370 Μανσίίοοο
1267 3319 1321 3364 σου

228 3409 511 3492 ammodum
543 3409 648 3476 aeacf‘
706 3411 894 3492 Hartungus
927 3409 1000 3476 Eur.
1032 3411 1105 3480 rest.
1136 3408 1152 3474 I
1182 3426 1212 3490 p.
1244 3407 1322 3472 304:

232 3517 469 3596 ,Marathone
499 3518 532 3583 in
562 3518 759 3601 Tetrapolide
785 3537 877 3586 scena
907 3517 1059 3585 dramatis
1090 3514 1321 3583 constituitur.“

232 3623 392 3706 Pflngtius
417 3627 513 3710 praei.
535 3627 658 3696 Heracl
680 3648 709 3711 p.
727 3629 784 3694 12:
807 3626 988 3712 ,Euripides
1008 3627 1161 3712 supplices
1181 3622 1223 3688 ad
1244 3618 1324 3700 Διὸς

230 3724 384 3816 ἀγοραίου
414 3729 530 3820 βωμὸν
561 3737 733 3804 consedisse
767 3737 858 3816 dicit,
890 3736 944 3822 qui
976 3736 1197 3804 Marathone
1229 3721 1323 3798 fuiss'e

231 3842 387 3926 peanum
401 3845 455 3912 est
493 3845 576 3912 Nam
594 3863 630 3912 eo
648 3844 728 3925 loco,
747 3847 785 3910 nt
798 3845 971 3929 loquuntur
983 3843 1182 3930 grammatici
1196 3842 1323 3920 veteres,

232 3943 251 4038 ἡ
273 3949 374 4037 σκηνὴ
396 3953 455 4018 τοῦ
477 3948 641 4037 δράματος
662 3945 843 4034 ὑπόκειται,
866 3951 948 4037 quod
962 3953 1052 4020 docet
1067 3973 1096 4019 v.
1110 3954 1151 4018 32
1166 3951 1197 4016 et
1209 3970 1239 4016 v.
1251 3949 1321 4016 80.“

332 4061 449 4130 Tamen
478 4061 589 4130 iaham
617 4081 682 4130 esse
706 4063 787 4131 hanc
811 4063 996 4132 sententiam
1023 4077 1226 4144 scaenamque
1252 4059 1325 4124 dra·

234 4167 328 4236 made
359 4173 400 4239 ab
431 4171 578 4258 Euripide
609 4171 765 4240 Athenis
796 4172 1000 4240 constitutam
1028 4169 1122 4238 luisse
1151 4187 1206 4253 pro
1240 4167 1323 4232 certo

233 4275 340 4344 habeo.
384 4277 549 4346 Mittamos
568 4279 702 4364 primum
722 4279 783 4346 duo
805 4279 993 4354 testimonia,
1014 4297 1094 4361 quae
1108 4273 1270 4358 Pdugkius
1283 4271 1323 4342 ad
