3080 4960
799 431 834 486 86

269 604 430 670 σιλικῶν
452 602 490 668 ἐκ
513 596 703 685 δωμάτιον
724 605 755 670 et
772 603 824 669 Tr.
847 603 910 670 494
923 622 967 686 sq.
990 592 1063 666 κᾶν
1086 599 1197 685 πέδῳ
1222 599 1365 676 κοίτας

270 709 374 795 ἔχειν
405 715 531 798 ῥυσοῖσι
566 707 683 791 νώτοις
715 710 930 794 βασιλικῶν
961 709 1004 776 ἐκ
1035 708 1215 793 δεμνίων,
1253 709 1365 794 quibus

269 824 333 906 ipse
364 823 444 889 addo
478 823 588 888 Aesoh.
612 823 673 904 Ag.
700 824 761 888 867
794 815 1002 922 moillarou
1033 807 1136 905 ἦμαρ
1164 815 1299 886 εἰσιδεῖν
1324 817 1365 884 ἐκ

267 931 463 1014 χείματος.
508 931 580 997 Eur.
604 931 655 998 Or.
678 931 740 996 279
762 928 803 995 ἐκ
829 925 1009 1013 κυμάτων
1034 923 1095 1015 γὰρ
1123 914 1224 1007 αὖθις
1244 915 1284 992 αὖ
1303 949 1366 1012 ya-

268 1033 343 1127 ίήν’
368 1034 445 1125 ὁρῶ.
478 1040 600 1125 Diotyis
615 1041 675 1124 frg.
689 1042 793 1119 336,7
816 1033 893 1116 τούς
913 1039 941 1104 δ’
962 1037 1003 1104 ἐκ
1024 1037 1210 1124 μεγίστης
1232 1034 1366 1119 ὀλβίας

268 1147 502 1232 τυραννίδος
522 1143 565 1213 τὸ
588 1146 707 1234 μηδὲν
727 1137 849 1225 ὄντας.
893 1148 973 1214 Miro
995 1148 1090 1214 etiam
1109 1147 1201 1214 modo
1224 1166 1297 1212 usus
1319 1148 1366 1213 est

268 1260 360 1324 verbo
382 1248 583 1344 α’ντισηκοῦν,
616 1256 699 1342 quod
728 1257 886 1342 signifieat
915 1255 1053 1339 „pondos
1083 1257 1238 1341 imponere
1273 1255 1365 1324 alteri

268 1367 350 1432 lanoi
371 1388 428 1451 par
449 1369 576 1452 ponderi
599 1368 746 1436 artorius
770 1369 801 1433 et
823 1368 1023 1452 coniungitur
1043 1387 1114 1434 oum
1134 1366 1311 1434 aoousatiuo
1334 1366 1366 1430 et

267 1475 382 1544 dativo.
417 1475 462 1542 Gi.
474 1477 547 1542 Luo.
564 1475 794 1560 Tragoedopod.
812 1477 888 1543 242:
909 1478 949 1565 τῇ
963 1473 1000 1540 δὲ
1014 1475 1055 1565 σῇ
1069 1473 1245 1562 προθυμίᾳ
1260 1469 1363 1538 ίσαισι

266 1587 376 1666 τιμαῖς
408 1575 619 1670 σίντισηκώσω
651 1584 751 1668 χάριν.
797 1584 1004 1650 Accusativus
1038 1585 1119 1650 enim
1152 1577 1295 1671 φθοράν,
1328 1584 1365 1647 ut

267 1697 349 1761 reote
371 1695 503 1762 adnotat
525 1695 666 1774 Wsilius,
699 1695 829 1760 everbo
851 1692 986 1780 φθείρει
1008 1694 1148 1778 intellegi
1174 1693 1272 1771 debet,
1295 1692 1364 1759 looo
1440 1713 1442 1718 ·
1527 1691 1528 1696 ’

267 1805 372 1872 autom
396 1803 496 1870 dativi
519 1804 638 1886 positus
660 1805 706 1870 est
720 1804 891 1888 genetivus,
917 1803 948 1868 id
964 1803 1046 1887 quod
1062 1803 1120 1870 otsi
1135 1821 1196 1868 non
1211 1802 1364 1868 usitatum

271 1915 441 1980 esttamen
463 1932 552 1980 suam
573 1912 667 1980 habet
688 1913 933 2018 explicationem

567 2102 594 2167 7.
632 2100 684 2166 Do
704 2100 879 2165 Horoulis
901 2097 1066 2182 prologo.

368 2243 472 2308 liliam
494 2242 659 2308 Herculem
680 2243 713 2308 in
735 2261 770 2309 eo
791 2241 1025 2327 tragoediarum
1047 2258 1174 2306 numero
1197 2258 1270 2319 osse,
1294 2239 1366 2324 qui-

267 2353 323 2417 bus
345 2369 455 2416 manus
477 2368 548 2416 suas
570 2349 764 2432 impudentes
786 2349 980 2415 admoverint
1006 2347 1180 2428 histriones,
1202 2347 1278 2414 soils
1293 2366 1365 2430 pro·

145 2477 146 2487 ¹
266 2459 353 2526 bavit
375 2458 555 2524 Whoelerns
585 2458 607 2524 l.
629 2456 650 2523 l.
679 2441 709 2542 p.
731 2456 782 2538 66,
824 2457 877 2543 qui
899 2457 1070 2524 soaenioam
1092 2455 1364 2542 interpolationem

266 2583 330 2630 essa
358 2584 387 2630 v.
400 2565 566 2630 629-636
587 2567 741 2649 cognorit.
785 2565 902 2632 Tamen
924 2563 1052 2650 prologo
1074 2565 1189 2632 mirum
1209 2566 1363 2649 quantum

266 2676 474 2757 pepercerunt,
504 2673 549 2739 ita
572 2675 662 2738 utin
691 2693 817 2741 numero
845 2675 962 2758 optimo
988 2678 1181 2742 servatorum
1204 2674 1364 2740 habendus

265 2782 315 2848 sit.
358 2781 413 2847 Est
442 2783 546 2847 autem
573 2782 725 2864 singulari
753 2784 887 2866 quodam
915 2783 1005 2851 modo
1039 2784 1236 2867 compositus,
1273 2783 1362 2849 euius

265 2891 309 2954 roi
332 2909 424 2955 eausa
446 2890 479 2954 in
501 2891 685 2973 argumento
708 2890 831 2956 fabulas
853 2891 999 2956 cernitur.
1043 2892 1126 2958 Nam
1154 2910 1225 2958 oum
1251 2890 1291 2958 ad
1313 2891 1364 2956 in-

264 2999 455 3082 tellegendas
477 2997 616 3082 insidias,
639 3018 715 3082 quas
737 2999 837 3083 Lycus
859 2999 1003 3066 Horeulis
1025 3001 1112 3084 genti
1133 3000 1233 3084 parat,
1257 3017 1363 3065 noces-

264 3108 381 3172 sarium
401 3109 451 3192 sit,
475 3109 509 3173 ut
531 3108 562 3173 et
573 3107 665 3173 huius
688 3109 718 3173 et
735 3107 821 3174 illius
836 3109 902 3174 lata
918 3128 1149 3193 cognoscamus,
1171 3109 1361 3192 Amphitruo

264 3213 468 3299 προλογίζων
482 3217 528 3281 ita
550 3235 675 3281 munere
697 3234 751 3281 suo
773 3216 926 3301 fungitur,
949 3219 984 3282 ut
1005 3217 1038 3282 in
1054 3217 1176 3284 exordio
1192 3217 1234 3301 (u.
1248 3214 1363 3300 1-12)

264 3324 302 3389 do
324 3325 468 3392 Herculis
490 3325 696 3410 Megarosque
725 3326 828 3391 uxoris
856 3327 975 3410 origine
1004 3329 1089 3411 agat,
1122 3328 1190 3392 tum
1218 3325 1363 3392 Herculis

266 3433 413 3524 labores„
429 3453 506 3518 quos
536 3454 633 3518 usque
659 3435 698 3501 ad
723 3454 791 3500 oum
817 3435 897 3500 ‹liom
925 3434 1140 3515 exantlaverit
1175 3437 1296 3501 enarret
1317 3437 1361 3516 (v.
1479 3436 1482 3447 '

266 3541 411 3624 13-25).
435 3541 583 3625 Sequitur
605 3543 704 3609 altera
726 3543 763 3608 do
777 3543 858 3627 Lyco
878 3544 1033 3626 particula
1047 3543 1122 3610 item
1144 3544 1305 3627 bipertita:
1329 3545 1362 3610 in

265 3649 387 3716 exordio
411 3651 484 3734 Lyci
506 3669 605 3735 genus
631 3653 662 3719 et
689 3653 754 3719 vita
779 3652 821 3736 (u.
845 3650 993 3736 26-34),
1025 3655 1094 3717 tum
1115 3651 1246 3729 larinus,
1276 3651 1359 3737 quod

107 3757 114 3764 '
255 3758 447 3841 inpetrem,
476 3777 609 3842 uxorem,
635 3757 748 3840 liberos
770 3761 913 3826 Herculis
936 3761 1130 3827 committere
1151 3761 1279 3846 rogitet,
1311 3781 1362 3828 ex-

266 3867 392 3948 ponitur
412 3873 453 3944 (v.
474 3869 623 3949 35-43).
669 3868 718 3934 Ad
733 3863 821 3935 'hano
842 3869 942 3953 igitur
963 3870 1082 3952 partem
1103 3869 1225 3954 prologi
1250 3889 1282 3937 se
1306 3891 1362 3954 ap·

265 3974 362 4057 pliaat
387 3976 551 4059 tragoedia
572 3994 668 4060 usquo
689 3977 729 4043 ad
751 3976 894 4042 Herculis
923 3977 1091 4044 adventum
1117 3997 1144 4046 v.
1166 3980 1237 4046 514.
1281 3978 1363 4046 Con·

265 4082 401 4148 eluditur
423 4085 569 4170 prologus
589 4087 742 4168 praesenti
755 4084 992 4152 Heraclidamm
1010 4088 1188 4154 oondioione
1209 4087 1360 4171 explicata

265 4191 310 4272 (v.
333 4191 482 4274 44-59).
517 4229 553 4240 -
589 4192 675 4274 Quae
696 4195 799 4260 autom
822 4193 854 4258 in
878 4195 1040 4280 prologum
1065 4197 1278 4264 intruserunt
1298 4197 1361 4264 tria

266 4300 489 4386 additamenta,
511 4322 617 4369 sorum
639 4323 733 4369 unum
757 4303 885 4369 sustulit
908 4305 957 4384 N„
980 4323 1008 4371 v.
1032 4307 1088 4370 47:
