3080 4960
213 610 242 658 r.
265 591 321 656 52:
341 584 472 672 τόλμης,
495 607 556 673 quo
578 590 733 674 explioaut
747 589 875 672 sobolis,
899 591 1000 657 multo
1014 591 1125 658 medus
1139 593 1197 658 est.
1224 592 1309 674 Quas

212 701 252 765 ot
273 717 383 766 oausas
404 717 453 765 me
475 715 537 764 nen
558 698 627 764 falli
651 699 736 782 puto,
766 700 793 764 si
821 701 928 766 nosmo
949 700 1017 766 loeo
1043 699 1210 767 dilatatam
1231 703 1308 768 sads

212 809 342 892 antiqno
363 809 501 890 tempore
527 808 714 874 sententiam
738 807 937 891 Ilrrripideam
967 825 1110 892 agnosoo.
1153 809 1306 891 Quoniam

212 917 318 984 anim
339 935 377 982 ne
398 903 571 998 pr'onanilia
595 913 720 999 quidem
749 916 886 999 prolerre
910 935 1043 1000 mesum,
1077 919 1171 986 verbu
1199 919 1308 1002 poetae

66 1105 71 1115 Ι
212 1025 375 1090 restituere
407 1043 468 1092 non
498 1025 676 1103 conabum).
721 1059 758 1070 -
798 1023 859 1091 Sed
889 1027 1026 1092 nondum
1054 1025 1174 1092 dietum
1198 1029 1246 1092 eat
1270 1027 1308 1094 de

211 1133 331 1200 dnobus
354 1133 518 1216 postremis
539 1132 661 1217 prologi
681 1133 830 1212 verubus,
860 1151 938 1216 qnos
959 1135 999 1200 ab
1021 1135 1168 1219 Euripide
1189 1135 1307 1202 anano

212 1261 276 1308 ease
297 1241 426 1310 oonioio.
458 1241 540 1308 Nolo
561 1261 694 1326 urguere
714 1244 932 1328 argumentum
952 1244 1063 1310 horum
1084 1263 1228 1312 ramnum
1243 1246 1307 1329 pri·

213 1353 317 1420 oribus
345 1353 422 1418 satis
453 1350 655 1434 explicatum
686 1351 772 1419 uest
800 1354 883 1418 enim
910 1353 1043 1420 forsitan
1070 1355 1224 1438 quispiam
1250 1373 1307 1420 nos

212 1462 328 1528 nescire
349 1460 502 1546 quomodo
524 1459 687 1544 Euripides
707 1461 921 1545 praeoedsntos
941 1463 1113 1546 scripserit3
1145 1463 1216 1529 nolo
1239 1483 1307 1546 pre·

212 1589 294 1636 mere
315 1569 467 1653 pluralem
487 1565 529 1634 τὰ
549 1563 683 1654 πρόσθε
704 1565 888 1656 σφάλματα,
924 1589 995 1638 oum
1022 1572 1060 1638 de
1087 1589 1149 1638 uuo
1171 1572 1306 1654 Neopto-

211 1679 284 1746 lemi
303 1679 432 1746 mnino
452 1681 567 1763 agatur
588 1679 638 1762 (ei.
652 1681 747 1745 1106:
767 1679 827 1766 τῆς
844 1673 983 1762 πάροιθ’
1000 1675 1188 1764 ἁμαρτίας);
1210 1698 1305 1763 quam

212 1787 345 1854 manime
378 1789 533 1872 vitupero,
568 1789 651 1872 quod
685 1790 761 1856 olim
792 1789 974 1876 lentingius
1006 1791 1143 1869 monuit,
1177 1791 1305 1855 rabum

212 1895 414 1978 ἐξαιτεῖσθαι
438 1897 563 1964 nodone
594 1896 815 1982 „depreoandi“
845 1900 1039 1981 usurpatum.
1092 1898 1175 1978 Non¹
1200 1899 1304 1964 autam

120 2043 124 2048 -
214 2023 283 2072 oum
304 2006 360 2072 illo
382 2007 591 2072 oonieoturam
613 2007 708 2074 isoio:
740 2007 837 2074 immo
865 2025 935 2074 oum
962 2007 1021 2074 hoo
1047 2007 1232 2074 vocabulum
1259 2006 1305 2072 ita

174 2142 178 2152 ¹
213 2117 426 2198 eomparatum
447 2117 498 2195 sit,
532 2116 578 2193 ut,
610 2117 663 2200 qui
694 2134 756 2182 uon
783 2116 880 2199 polite
906 2116 1063 2196 redieret
1096 2116 1188 2184 fenile
1214 2116 1305 2182 verbo

213 2229 450 2306 supersisam
475 2225 662 2292 substituere
689 2225 833 2310 potuerit,
867 2225 946 2292 mni]
973 2226 1168 2305 mutandum,
1202 2226 1304 2292 loonm

210 2337 311 2417 ipsum
333 2331 475 2417 Euripidi
495 2333 737 2400 atindioandum
757 2351 875 2400 oenseo.

507 2520 537 2584 6.
579 2519 630 2586 De
651 2518 824 2586 Hecubae
845 2519 1008 2602 prologo.

308 2679 355 2746 De
382 2677 511 2743 Heonba
541 2677 704 2760 tragoedia
738 2678 783 2742 sio
813 2677 890 2742 dicit
915 2677 1112 2742 Hermannus
1144 2677 1177 2742 in
1209 2677 1304 2760 praei.

213 2787 355 2854 editionis
382 2805 456 2875 suae
482 2806 509 2870 p.
527 2785 600 2851 XV:
644 2785 789 2869 „Insigne
815 2786 988 2869 arornplum
1016 2785 1142 2868 praebat
1163 2785 1301 2852 Heonba.

211 2895 254 2960 lla
279 2895 384 2962 tabula
412 2895 605 2979 apertissime
629 2894 763 2962 duarum
791 2894 929 2960 eontinet
954 2893 1186 2977 tragoediarum
1208 2913 1304 2979 argu-

209 3006 322 3084 menta,
349 3007 489 3090 tompore
510 3004 645 3089 quidem,
677 3003 809 3070 sednon
833 3022 865 3068 re
886 3003 1061 3070 coniuneta.
1104 3002 1188 3070 Nam
1210 3001 1305 3087 Poly·

208 3131 302 3180 xenao
328 3112 452 3180 devotio
485 3114 563 3180 nihil
585 3131 748 3178 commune
771 3112 864 3178 habet
891 3129 961 3176 enm
983 3110 1205 3196 Polymestoris
1226 3111 1305 3180 faoi·

208 3238 291 3300 nore,
321 3239 419 3305 neque
439 3224 496 3288 aut
515 3221 650 3288 altarum
670 3221 780 3287 horum
802 3241 837 3288 ax
859 3221 968 3298 altero,
1001 3219 1058 3285 ant
1080 3220 1246 3304 utrumque
1267 3238 1302 3288 ex

206 3347 268 3396 una
288 3347 391 3408 eausa,
426 3330 549 3396 ataine
570 3329 669 3396 altero
690 3330 835 3398 neutrum
856 3329 923 3396 fieri
944 3327 1090 3412 potuerit,
1123 3346 1233 3396 nexum
1254 3330 1303 3394 est

206 3439 299 3522 atquo
327 3439 535 3520 suspensum.“
579 3438 713 3523 Egregie
740 3438 779 3504 de
805 3438 913 3505 fabula
939 3437 1047 3504 nostra
1072 3435 1227 3504 iudicavit
1254 3437 1302 3502 vir

206 3543 411 3612 doctissimus.
457 3547 554 3630 Atqui
579 3547 643 3614 iam
671 3548 763 3612 antea
785 3545 920 3612 vidimus
950 3544 1114 3629 prologum
1136 3545 1302 3630 Hippolyti
1338 3539 1353 3554 “

186 3637 337 3734 'fuldaa
358 3673 438 3738 qnae
458 3673 519 3721 non
535 3654 613 3722 duas
632 3655 780 3732 sationes,
801 3653 854 3722 ned
871 3653 949 3720 duas
963 3655 1068 3736 partes
1082 3654 1234 3732 eontinet,
1255 3653 1302 3720 ita

204 3780 225 3829 a
246 3764 337 3845 poeta
355 3781 421 3830 aeae
448 3761 639 3842 institutum,
669 3763 705 3828 ut
726 3763 767 3829 ad
788 3763 953 3846 utramque
975 3765 1096 3846 partem
1117 3761 1301 3846 intellegen-

204 3869 277 3938 dam
307 3873 496 3956 speotatores
524 3873 735 3956 praepararet:
769 3873 887 3958 quanto
919 3871 1020 3956 magia
1051 3871 1144 3940 huius
1176 3870 1301 3938 landae

211 4021 403 4036 *-

307 4105 333 4180 1)
351 4107 414 4166 Non
437 4109 595 4180 opprimam
618 4109 730 4166 silentio
749 4109 865 4168 Useneri
887 4109 1082 4170 oonieotunm.
1110 4107 1159 4178 qui
1185 4108 1302 4164 mmai·

206 4203 331 4262 vasibus
350 4206 394 4260 da.
414 4207 450 4260 5⁰
467 4206 642 4262 eoeibendum
661 4207 809 4278 proponit:

426 4303 546 4376 natoue
563 4305 621 4358 κατ’
639 4303 711 4372 dua,
730 4291 763 4360 ol
778 4301 870 4360 'selvo
888 4303 967 4370 dim
984 4301 1073 4374 [dail.
