3080 4960
770 413 805 466 54

235 583 272 648 nt
300 583 421 648 taceam
449 580 486 648 de
514 582 615 649 verbis
640 583 721 648 male
749 583 780 648 et
811 582 950 648 oontorte
981 569 1113 666 scriptis.
1155 582 1333 666 Antequam

236 692 340 757 autom
365 692 526 758 restituere
547 692 698 776 possimus
720 710 748 757 r.
772 691 821 771 34,
847 691 952 774 spuria
974 691 1111 757 notanda
1133 691 1206 757 eunt
1227 693 1331 758 omnia

239 819 317 883 quae
339 801 484 867 secuntur
505 819 602 883 usque
623 799 664 865 ad
686 819 715 888 ν.
739 801 821 882 38¹),
859 819 920 883 qna
952 799 1189 881 interpolatione
1219 800 1333 864 subab-

236 908 329 975 surda
351 909 461 974 misero
482 909 670 974 distinentur
701 927 731 973 r.
753 909 794 974 34
826 908 857 972 et
887 909 938 973 39.
971 903 1086 974 'Verba
1116 909 1197 974 enim
1231 898 1269 972 οὗ
1290 903 1331 993 δὴ

236 1011 334 1083 τοῦτό
362 1020 390 1102 γ’
413 1015 616 1101 ἐξελέγχομαι
641 1018 770 1101 pessime
799 1017 871 1082 sunt
897 1017 1021 1100 scripta,
1056 1035 1126 1082 oum
1143 1016 1333 1100 significare

182 1145 191 1160 ·
236 1126 380 1193 debeant:
418 1128 496 1206 „hae
523 1127 647 1210 quidem
673 1127 711 1192 do
738 1146 770 1192 re
796 1145 853 1210 ego
884 1125 1054 1208 vituperari
1080 1145 1142 1192 non
1171 1129 1332 1209 possum“;

236 1255 290 1319 pro
312 1235 467 1318 particula
488 1232 522 1319 γὲ
544 1237 613 1318 post
634 1235 725 1319 γένος
746 1237 955 1318 exspectamus
976 1233 1052 1316 μέν;
1074 1233 1174 1319 πένης
1193 1253 1263 1301 oum
1278 1253 1333 1318 ge·

182 1391 185 1396 ·
237 1345 341 1410 netivo
365 1345 563 1410 oouiunatnm
592 1363 654 1410 non
680 1346 726 1410 est
748 1345 896 1411 sermonis
920 1343 1087 1427 Euripide,
1119 1344 1172 1409 sed
1199 1344 1333 1427 primum

224 1454 388 1545 ¹reperitur
417 1454 498 1537 apud
532 1453 711 1536 scriptorem
738 1453 890 1534 epistulae
913 1452 1094 1520 Platonioae
1115 1451 1177 1516 VII
1199 1472 1228 1535 p.
1241 1454 1333 1519 ¹332⁰.

238 1563 343 1647 Neque
365 1563 491 1629 diffieile
512 1564 558 1628 ost
580 1562 697 1628 fontem
719 1560 810 1626 huius
836 1561 895 1642 loni
920 1560 1086 1644 indagatum
1112 1560 1218 1626 videas
1240 1561 1334 1627 velim

236 1690 264 1738 v.
287 1672 348 1736 247
367 1691 428 1754 sp:

336 1807 418 1871 HA.
461 1797 673 1890 ἐγημάμεσθ’,·
695 1786 722 1866 ὦ
746 1803 839 1886 ξεῖνε,
862 1794 1047 1884 θανάσιμον
1067 1793 1179 1885 γάμον.

337 1917 400 1980 ΟΡ.
460 1902 568 1998 ᾤμωξ’
591 1902 739 1997 ἅδελφόν
760 1904 827 1977 σόν.
851 1909 1090 1996 Μυκηναίων
1112 1910 1204 1989 τινές

336 2026 416 2089 ΗΛ.
461 2013 520 2103 οὐχ
541 2006 568 2107 ᾦ
591 2023 699 2108 πατήρ
721 2017 754 2101 μ’
776 2011 910 2106 ἤλπιζεν
933 2013 1087 2086 ἐνδώσειν
1107 2018 1200 2086 ποτέ.

237 2158 399 2224 Postrema
432 2158 536 2222 autem
565 2156 656 2221 verba
688 2155 762 2220 fieta
794 2156 867 2220 aunt
904 2174 937 2220 ex
970 2156 1123 2222 sententia
1156 2135 1333 2238 Euripides,

240 2286 334 2350 quam
356 2265 489 2349 legimus
511 2264 622 2330 Phoeu.
645 2265 721 2332 442:

512 2397 612 2485 πένης
631 2393 690 2483 γὰρ
713 2388 806 2464 οὐδὲν
827 2389 954 2487 εὐγενὴς
974 2389 1054 2488 ἀνήρ

238 2523 269 2602 et
290 2535 396 2619 paneis
418 2535 548 2601 mutatis
569 2535 670 2601 Alom.
693 2534 752 2618 frg.
774 2535 830 2600 96:

385 2659 453 2733 aar
476 2658 569 2733 οὐδὲν
591 2661 735 2751 ηὑγένεια
755 2660 841 2748 πρὸς
861 2661 903 2730 τὰ
922 2662 1084 2756 χρήματα·

336 2857 341 2870 .
384 2773 443 2842 ror
463 2771 523 2860 γὰρ
546 2770 699 2840 κάκιστον
720 2773 864 2853 πλοῦτος
884 2772 932 2854 εἷς
955 2770 1108 2858 πρώτους
1128 2766 1206 2861 ἶν’γει.
1231 2813 1268 2824 -

237 2913 305 2978 lam
332 2911 463 2978 sublatis
490 2909 710 2976 additamentis
733 2930 760 2975 v.
783 2913 824 2976 34
845 2911 876 2975 in
900 2911 1098 2995 Euripideam
1125 2912 1256 2978 formam
1285 2931 1334 2978 re-

238 3019 388 3104 digendus
410 3019 465 3085 est.
509 3019 630 3101 inquo
653 3019 692 3084 ab
712 3017 985 3102 interpolatoribus
1006 3020 1159 3104 prolectas
1187 3040 1250 3087 esse
1278 3041 1334 3105 ap·

237 3131 325 3214 paret
343 3129 514 3214 partiamus
537 3124 572 3193 δὲ
594 3121 643 3216 δή,
667 3127 858 3194 desideratur
878 3128 963 3194 notio
985 3129 1097 3195 uxoris.
1126 3129 1332 3210 Quamobrem

238 3240 320 3307 hano
340 3238 509 3324 genuinam
530 3238 624 3304 fnisse
645 3236 808 3303 leotiouem
829 3238 962 3303 oonioio:

422 3362 502 3450 ἡμῖν
523 3361 616 3449 λέχη
639 3362 773 3429 δίδωσιν
793 3353 1001 3448 Ἠλέκτρανθ)
1025 3359 1150 3446 iteam).

340 3625 366 3695 l)
377 3625 529 3693 Postquam
539 3623 607 3679 haee
616 3626 723 3696 raripai,
731 3625 917 3681 animadverti
922 3624 1055 3680 Ottonem
1061 3625 1184 3682 haedere
1190 3625 1333 3694 „Qnaeett

238 3721 273 3777 de
291 3722 416 3794 oollegiie
435 3720 574 3778 artificum
592 3737 663 3779 seen.
679 3723 821 3793 prolusio“
840 3723 963 3794 (Bonnae
978 3721 1058 3794 1869)
1076 3728 1145 3781 aent.
1164 3727 1287 3778 oontrov.
1306 3723 1334 3777 11

238 3818 312 3874 idem
330 3820 468 3875 statuisse.

337 3917 366 3987 2)
385 3917 431 3970 An
447 3911 610 3984 intraque?
628 3914 668 3970 Cf.
687 3914 734 3970 Or.
753 3915 796 3969 20.

338 4012 365 4082 3)
383 4011 499 4068 Erravit
516 4011 575 4067 aine
594 4010 678 4066 dubio
699 4010 741 4066 W.
758 3999 792 4064 A.
809 4011 843 4065 Ε.
861 4027 887 4080 p.
908 4011 943 4063 62
968 4010 1003 4065 ad
1028 4010 1101 4064 huno
1119 4029 1230 4066 versum
1249 4013 1333 4068 adno-

238 4113 313 4165 tans:
336 4105 473 4179 „ripatorii
493 4109 591 4162 δίδωσι
611 4107 639 4162 G.
659 4105 690 4160 oe
709 4107 807 4162 inserit
820 4106 897 4162 0²1⁸.
919 4105 1094 4162 scribendum
1112 4107 1201 4179 igitur
1219 4125 1254 4164 ax
1272 4107 1332 4164 Sto-

238 4207 308 4261 baeo
327 4203 395 4275 ἡμῖν
411 4221 443 4275 γε
459 4201 541 4275 μὴν.“
581 4203 678 4273 Neque
695 4204 769 4258 enim
788 4203 921 4259 stobaeur
938 4204 991 4260 hoo
1008 4221 1099 4273 versu,
1124 4204 1172 4260 aad
1190 4207 1225 4260 37
1243 4203 1334 4262 tradit

239 4321 270 4377 γε
288 4297 354 4376 μήν,
372 4319 463 4372 neque
480 4302 551 4357 istae
567 4301 722 4374 particulae
741 4301 770 4358 in
790 4319 816 4357 r.
836 4303 871 4356 34
889 4302 1001 4357 omniuo
1024 4301 1170 4372 quadrant.
