3080 4960
772 399 886 452 42»

143 553 145 558 ¹
246 566 306 634 Sed
325 562 578 652 prae'doctrinae
591 570 757 636 suaemole
769 569 800 636 id
815 569 926 652 ipsum,
947 569 1028 654 quod
1045 568 1184 636 dicturus
1199 571 1255 643 est,
1277 587 1339 634 non

245 675 335 742 dicit:
369 696 494 744 causam
525 677 650 760 profert,
685 697 739 742 cur
766 677 878 744 Creusa
906 697 1035 760 puerum
1065 678 1126 744 isto
1159 678 1340 765 ornamento

245 783 445 850 decoraverit.
488 783 694 865 Quamobrem
716 779 823 852 notam
844 787 932 852 illam
954 786 1071 868 profert
1085 786 1278 852 Erichthonii
1293 785 1341 852 fa-

246 893 361 972 bulam,
384 913 477 976 quam
498 893 545 958 ita
560 893 599 958 ad
616 913 707 959 suum
721 913 811 960 usum
826 895 984 975 immutat,
1007 895 1042 960 ut
1055 895 1229 960 Minervam
1245 913 1338 977 puero

246 1000 341 1067 duos
363 1021 479 1085 angues
500 1002 674 1069 adiunxisse
693 1003 777 1068 dicat
800 1003 852 1086 (ci.
864 1003 1006 1086 Apollod.
1019 1004 1067 1068 III
1080 1005 1128 1082 14,
1140 1005 1169 1068 6.
1193 1003 1249 1070 Ov.
1262 1003 1339 1069 Met.

245 1111 377 1192 11561).
421 1111 466 1176 De
488 1130 573 1176 more
594 1113 698 1178 autem
721 1113 967 1195 Atheniensium,
990 1131 1081 1196 quem
1095 1131 1125 1177 v.
1141 1113 1239 1195 24sq.
1255 1131 1340 1178 com-

245 1220 421 1302 memorat„
443 1220 521 1286 nihil
535 1221 673 1286 'omnino
701 1220 825 1286 scimus.
880 1220 966 1300 Quae
996 1222 1152 1297 secuntur,
1190 1221 1217 1286 si
1250 1239 1341 1304 quem

244 1347 368 1394 sensum
389 1330 513 1408 habent,
546 1329 708 1394 adrestos
730 1329 888 1396 referenda
910 1332 992 1408 sunt,
1021 1331 1131 1413 quibus
1155 1329 1270 1398 Creusa
1290 1330 1340 1394 in·

245 1436 363 1502 fantem
384 1438 577 1515 involvebct3
607 1439 756 1521 leguntur
777 1438 893 1504 similia
915 1459 944 1504 v.
971 1440 1050 1504 1412
1072 1459 1117 1522 sq.
1160 1439 1261 1519 Quam
1284 1437 1341 1524 do·¹

244 1547 370 1614 lendum
392 1548 448 1627 est,
470 1547 551 1630 quod
573 1549 702 1614 tertium
719 1547 805 1629 pueri
820 1548 1046 1626 ornamentum,
1069 1546 1169 1614 olivae
1184 1565 1339 1626 coronam,

245 1656 393 1739 neglexit!
420 1655 652 1722 Absurdissima
667 1657 779 1722 autem·
793 1656 866 1720 sunt
886 1656 953 1737 ipsa
974 1657 1084 1720 rerba:
1106 1656 1169 1720 τοῦ
1191 1677 1228 1720 τε
1249 1677 1342 1740 νηχο-

246 1768 324 1843 νοῦς
336 1757 539 1848 Ἐριχθονίου
553 1767 595 1846 (v.
607 1767 661 1842 20)
676 1765 768 1831 nihili
788 1767 843 1841 est,
867 1766 1014 1848 quonism
1032 1764 1065 1830 id
1088 1763 1169 1848 quod
1185 1765 1339 1854 narratur,

247 1874 441 1940 Erichthonii
462 1893 528 1940 mos
550 1893 613 1942 osse
634 1894 694 1939 non
717 1875 834 1956 potuit3
859 1868 994 1960 φρουροί
1008 1868 1238 1960 -φίλακαςη
1253 1873 1340 1942 iuxta

246 1983 318 2066 poni
340 2002 402 2049 non
422 1983 512 2066 licet3
546 1981 614 2050 eo
636 1982 678 2064 (v.
700 1984 754 2062 24)
776 1984 808 2048 et
828 2006 878 2060 τις
900 1982 942 2065 (v.
965 1985 1019 2062 25)
1043 1982 1178 2050 trimetri
1201 1981 1340 2066 explendi

247 2111 341 2158 causa
372 2092 479 2158 addita
509 2093 597 2168 sunt3
633 2090 748 2184 ὄφεσιν
783 2090 817 2156 έν
846 2086 1058 2176 χρυσηλάτοις
1087 2089 1219 2177 τρέφειν
1246 2089 1341 2156 τέκνα

248 2201 424 2284 (intellegez
462 2201 647 2282 „monilibus
666 2201 706 2266 ad
728 2202 916 2284 serpentium
937 2201 1070 2266 formam
1091 2199 1183 2266 factis
1204 2199 1340 2266 infantes

245 2310 407 2391 induere“)
428 2327 517 2376 nemo
539 2327 632 2375 sanus
654 2307 774 2394 dicits),
796 2299 866 2376 ἄλλ’
891 2311 934 2392 (v.
950 2311 1005 2391 26)
1027 2328 1098 2394 non,
1119 2310 1156 2374 ut
1175 2309 1215 2374 K.
1239 2311 1339 2392 putat,

246 2419 367 2485 metrici
388 2420 644 2502 supplementum,
677 2419 731 2486 sed
760 2419 884 2502 pessimi
910 2419 1018 2502 poetae
1045 2419 1177 2501 pessima
1204 2419 1250 2484 est
1271 2437 1341 2484 sen·

245 2528 414 2595 tentiarum
444 2530 563 2612 copula.
601 2567 642 2576 -
678 2528 818 2594 llxtrusis
849 2531 953 2594 autem
983 2528 1120 2608 versibus
1151 2529 1275 2594 20-27
1309 2529 1341 2593 ot

245 2638 372 2704 remotis
398 2657 414 2704 e
442 2638 693 2721 praecedentibus
719 2637 757 2702 iis
791 2655 866 2719 quos
896 2638 988 2704 antea
1020 2637 1197 2704 notavimus
1229 2635 1340 2720 pannis
1372 2721 1377 2726 ι

246 2744 379 2834 βρέφος,
402 2744 564 2830 Κρέουσα,
595 2739 640 2823 ὥς
661 2740 874 2828 θανούμενον,
904 2746 1014 2831 quibus
1037 2745 1133 2812 addas
1154 2736 1339 2831 οἷντήνεχκεν

245 2875 275 2922 v.
299 2839 347 2934 ld,
370 2855 454 2940 quod
475 2856 562 2922 iuxta
583 2873 612 2920 ν.
634 2851 786 2939 ἐκτίθησι
807 2855 936 2922 tolerari
957 2873 1019 2922 non
1040 2857 1150 2938 potest,
1181 2856 1256 2923 haec
1277 2855 1340 2922 fere

236 2963 328 3030 ‘ultro
351 2964 479 3046 ap'paret
498 2982 642 3030 versuum
662 2962 900 3045 himipideornm
922 2964 1037 3032 forma:

398 3075 436 3138 15
771 3064 817 3148 ὥς
838 3071 866 3136 d’
890 3057 995 3156 ἦλθεν
1015 3068 1140 3156 χρόνος,

435 3180 562 3248 τεκοῦσ’
585 3180 619 3246 ἐν
641 3173 743 3258 α’ίκοις
765 3175 919 3266 ἐκτίθησι
941 3176 1014 3264 [τὸν
1033 3181 1142 3267 χόνον]

366 3371 369 3375 ,
435 3288 482 3370 εἰς
502 3282 622 3356 ταύτόν
643 3279 760 3372 dccccv
780 3275 885 3377 οὗπερ
909 3281 1057 3376 ηὐνάσθη
1081 3293 1154 3378 θεῷ

435 3398 546 3484 κοίλης
567 3397 600 3464 ἐν
621 3390 797 3486 ἀντίπηγος
817 3391 961 3486 εὐτρόχῳ
971 3402 996 3482 ⁸)
1020 3399 1140 3486 κυίκλῳ.

348 3623 372 3692 1)
389 3622 435 3678 Sic
453 3621 531 3678 codd.
552 3621 680 3676 Correxit
699 3621 838 3676 Porsenna
856 3621 953 3692 regula
971 3638 1021 3676 sua
1041 3637 1106 3676 usus
1125 3616 1236 3694 φύλακε.
1261 3622 1339 3679 Nihil

247 3721 411 3776 mutandum
431 3722 473 3773 est
491 3719 520 3773 in
539 3718 700 3788 turpissimo
720 3717 929 3788 interpolatoris
950 3717 1017 3772 fetu.

344 3816 372 3886 2)
390 3815 495 3888 Facere
512 3833 568 3870 non
585 3831 705 3886 possum,
731 3814 798 3884 quin
817 3813 940 3868 eiusdem
957 3818 1033 3870 certe
1050 3819 1148 3884 poetae
1165 3815 1338 3872 simillimum

246 3913 395 3983 explodam
413 3911 647 3968 additamentum:

365 4009 434 4062 1428
470 4011 546 4062 ΙΩΝ.
584 4001 689 4078 δώρημ’
706 3999 833 4074 Ἀθάνας,
852 3999 868 4071 ἢ
887 4005 958 4060 τέκν’
977 3998 1222 4079 ἐντρέφεινλέχει;

470 4109 524 4158 ΚΡ.
585 4099 756 4174 Ἐριχθονίου
774 4119 805 4172 γε
818 4093 865 4156 τοῦΙ
883 4093 968 4154 πάλαι
984 4097 1140 4176 μιμήματα.

248 4204 349 4260 Causas
368 4200 470 4257 addere
489 4218 557 4270 opus
575 4204 699 4256 nonest.

346 4297 372 4369 8)
390 4297 571 4361 Vocabulum,
590 4302 622 4351 nt
639 4297 709 4352 mihi
727 4296 846 4366 videtur,
865 4296 988 4352 nondum
1005 4297 1188 4354 emendatum.
1245 4333 1253 4348 .
