3080 4960
773 420 808 474 48

242 589 301 658 Sed
332 609 438 657 versus
468 593 506 658 16
534 591 670 672 initium,
706 591 789 676 quod
814 610 872 676 ego
898 591 1102 674 Euripideum
1135 612 1199 660 esse
1229 593 1342 671 iudico,

241 699 417 766 Schmidins
439 701 620 784 exagitavit.
653 701 844 768 Enumerans
865 700 950 766 enim
972 701 1153 783 argumenti
1167 701 1343 786 discrepan-

241 809 313 881 tias,
346 827 424 892 qnae
455 809 536 874 inter
567 809 688 892 prologi
717 809 903 892 fabulaeque
927 808 1026 892 ipsius
1054 811 1264 876 narrationem
1292 830 1344 877 ex-

242 917 364 998 sistant,
397 919 456 984 lroo
486 935 607 1002 quoqne
637 918 859 983 commemorat
891 937 922 984 r.
950 918 1013 982 949
1044 918 1192 984 Creusam
1224 919 1345 985 narrari

243 1025 343 1092 illium
363 1045 424 1092 non
446 1026 539 1106 domi,
562 1025 668 1092 sedin
691 1027 781 1092 antro
803 1027 966 1110 peperisse.
995 1025 1085 1108 Quod
1100 1027 1206 1094 autern
1220 1027 1344 1110 proptor

242 1135 335 1202 istam
366 1133 549 1200 varietatm
578 1131 701 1217 prologi
730 1151 853 1199 versum
886 1131 1088 1214 vituperavit,
1122 1135 1238 1202 iniuria
1267 1135 1345 1200 mihi

243 1243 366 1310 videtur
387 1241 504 1308 iecisse.
547 1241 661 1313 Videas
682 1241 776 1308 velirn
800 1243 917 1308 ceteros
947 1239 1074 1308 fabulae
1095 1243 1178 1309 locos
1200 1243 1345 1310 odionis

244 1353 369 1438 partum
389 1351 594 1434 pertinentes:
626 1351 689 1417 344
709 1346 768 1415 τὸν
790 1349 884 1416 παῖδ’
907 1339 946 1414 ὃν
969 1345 1080 1415 ἔτεκεν
1109 1349 1245 1437 ἐξέθηκε
1273 1352 1346 1417 dro-

243 1457 381 1547 μᾶτων.
427 1463 490 1526 503
510 1479 556 1543 sq.
588 1459 653 1524 ῖνα
686 1465 741 1538 (so.
764 1459 799 1526 ἐν
819 1449 952 1543 ἄντροις
972 1453 1097 1544 Πανός)
1127 1453 1269 1527 τεκοῦσά
1295 1483 1346 1537 τις

244 1571 422 1656 παρθένος,
446 1557 474 1636 αῖ
489 1570 597 1653 μελέα,
617 1571 743 1659 βρέφος
758 1572 873 1658 Φοίβῳ
888 1575 1028 1650 πτανοῖς
1049 1565 1212 1655 ἐξώρισε
1227 1571 1346 1636 θοίναν

244 1681 347 1768 θηρσί
369 1703 406 1746 τε
427 1678 559 1768 φοινίαν
579 1681 683 1747 δαῖτα.
727 1682 788 1747 897
810 1701 857 1765 sq.
879 1679 979 1744 τίκτω
1002 1681 1031 1746 δ’
1053 1675 1076 1744 ἆ
1103 1673 1261 1758 δύστανός
1291 1702 1345 1746 οοι

247 1795 379 1876 κοῦροι,
411 1787 478 1855 τὸν
498 1791 621 1877 φρίκᾳ
641 1786 790 1874 ματρός
809 1786 867 1868 είς
888 1783 1001 1853 εὐνὰν
1022 1784 1151 1871 βάλλω
1174 1783 1243 1852 τᾶν
1262 1784 1345 1874 σὰν,

245 1899 300 1966 ἵνα
318 1923 360 1984 με
381 1897 488 1981 λέχεσι
508 1897 626 1982 μελέαν
644 1897 774 1981 μιίὲοις
791 1892 908 1981 ἐζεύξω
928 1893 987 1963 εὰν
1005 1893 1173 1964 δύστανον.
1206 1899 1288 1965 1398
1298 1917 1344 1982 sq.

195 2018 200 2026 '
246 2009 314 2095 ὁρῶ
333 2005 393 2095 γὰρ
412 1997 518 2094 dyyog,
543 1999 730 2093 orige'dspu'
752 2003 814 2093 ἐγώ
834 2029 918 2074 ποτε
935 2005 1145 2090 Κέκροπος
1165 2006 1205 2085 ἐς
1223 1996 1346 2090 ι’ίντρα

246 2119 302 2184 καί
316 2114 457 2201 Μακρὰς
470 2120 699 2203 πετρηρεφεῖς,
721 2135 853 2200 quocum
869 2117 1010 2182 conferas
1023 2117 1086 2181 936
1100 2106 1206 2182 οἶσθα
1219 2121 1346 2199 Κεκρο-

248 2213 333 2307 πίας
342 2227 483 2311 πὲερας,·
503 2229 535 2294 et
547 2227 610 2293 989
625 2224 756 2292 ἐνταῦθ’
773 2217 883 2310 α’γῶια
897 2220 1005 2290 δεινὸν
1017 2215 1239 2309 ἠγωνίσμεθα.
1269 2225 1346 2306 Qui·

248 2337 305 2403 bus
326 2355 361 2402 ex
376 2337 452 2402 locis
467 2336 545 2404 satis
557 2337 685 2419 apparet
699 2335 747 2402 ita
761 2335 884 2401 finxisse
895 2333 1073 2417 Euripidem
1088 2333 1212 2400 fabulae
1224 2333 1345 2415 μῦθον,

249 2447 285 2511 nt
298 2444 445 2512 Creusam
466 2445 572 2511 Ionem
593 2443 694 2508 filiurn
714 2442 799 2508 domi
814 2442 923 2508 natum
943 2441 977 2506 in
989 2442 1096 2508 eodern
1111 2460 1202 2525 speon
1217 2459 1278 2525 quo
1292 2458 1347 2523 per

250 2555 314 2620 vim
325 2552 366 2622 ab
374 2553 519 2638 Apolline
529 2553 671 2636 stuprata
681 2553 757 2632 erat,
771 2550 944 2633 exposuisse
952 2549 1077 2630 diceret,
1090 2551 1173 2634 quod
1183 2549 1265 2616 idem
1276 2567 1348 2632 pro-

251 2663 315 2748 logi
326 2682 356 2728 v.
373 2663 421 2729 16.
436 2663 474 2727 17
490 2662 646 2728 narratur.
681 2659 769 2725 Unus
784 2660 905 2744 pugnat
919 2659 1040 2724 locusa
1057 2658 1217 2724 Schmidio
1231 2657 1349 2724 allatus

291 2772 353 2840 948
396 2773 526 2836 ΠΛΙΔ.
547 2770 614 2836 ποῖ
633 2767 689 2854 (so.
711 2762 849 2850 itanc),
869 2764 921 2845 τίς
941 2761 1068 2847 λοχεύει
1089 2765 1137 2844 o'‚·
1158 2759 1180 2852 ἢ
1199 2759 1284 2850 μόνη

1063 2878 1207 2958 μοχθεῖς
1227 2867 1322 2950 udde,-

398 2992 468 3055 KP.
551 2981 635 3074 μόνη
657 2987 724 3051 κατ’
746 2974 865 3069 {inpos
885 2970 990 3068 οὗπερ
1013 2972 1172 3069 ίζιῦχθηι
1193 2977 1318 3067 γάμοις.

252 3099 408 3184 Sequitur,
440 3100 477 3164 ut
505 3098 577 3168 illos
605 3115 710 3166 versus
741 3095 885 3181 Euripidi
915 3095 1138 3174 abindicemus,
1171 3089 1351 3177 praesertim

253 3227 323 3276 cum
343 3209 385 3276 ad
406 3207 525 3293 dialo'gi
546 3195 724 3276 contextum
746 3225 808 3274 non
830 3206 934 3276 solum
954 3205 1149 3290 supervacui,
1183 3202 1236 3270 sed
1257 3200 1351 3267 etiarn

251 3316 440 3386 incommodi
461 3317 525 3384 sint
532 3317 567 3398 ¹).

354 3547 380 3615 l)
399 3543 429 3600 Si
446 3543 479 3598 ed
497 3560 568 3614 quae
584 3561 671 3614 supra
694 3543 811 3614 exposui
838 3539 1015 3614 probaveris,
1040 3539 1134 3596 facero
1158 3553 1216 3592 non
1241 3533 1355 3606 poteris,

253 3643 321 3714 quin
339 3641 424 3698 etiarn
442 3657 467 3695 v.
481 3641 542 3696 958.
555 3641 590 3696 89
602 3640 639 3696 ab
656 3638 863 3710 interpolatore
882 3631 1003 3710 stripoos
1022 3653 1081 3692 esse
1098 3619 1256 3690 existumas.
1283 3630 1355 3686 Nam

253 3741 283 3795 irs
301 3744 400 3794 antro
418 3739 576 3808 exposuisse
590 3737 722 3794 Creusam
734 3753 862 3806 puerum,
882 3735 936 3790 etsi
954 3735 1016 3804 ipsa
1032 3735 1179 3805 praesente
1192 3729 1356 3800 paedagogo

253 3835 321 3892 satis
344 3833 552 3906 significaverat
579 3833 624 3904 (ci.
647 3831 709 3888 892.
727 3831 799 3902 899),
829 3839 924 3890 tamen
949 3829 998 3886 lxic
1023 3829 1079 3884 illis
1103 3826 1230 3884 versibus
1257 3824 1356 3880 deletis

253 3937 352 3990 contra
378 3931 614 4000 exspectationem
635 3935 842 3986 commemorat.
886 3927 1078 3999 Interrogatio
1103 3926 1198 3980 autern
1226 3923 1299 3988 ιιιιῖς,Ι
1327 3921 1357 3976 in

254 4043 387 4100 responso
410 4026 503 4096 posita
520 4026 610 4098 magis
629 4024 717 4080 vitam
735 4025 921 4082 cottidianam
942 4027 972 4080 et
991 4019 1163 4078 comoediam
1181 4018 1256 4090 sapit
1274 4033 1358 4088 quarn

254 4123 436 4198 tragoediam.
463 4121 505 4178 Gi.
523 4122 702 4178 linesimadn
721 4121 832 4192 Dyscol.
851 4123 870 4174 4
888 4121 987 4190 (Mein.
1003 4117 1058 4190 irg.
1069 4133 1139 4173 com.
1152 4115 1185 4172 G.
1198 4116 1241 4174 111
1249 4131 1277 4186 p.
1287 4113 1360 4180 868).

255 4221 405 4278 Praeterea
415 4219 528 4292 pessimi
536 4223 603 4276 sunt
611 4238 640 4275 v.
649 4220 702 4272 987
713 4221 743 4276 et
752 4219 816 4288 982,
829 4233 921 4288 neque
930 4236 957 4276 v.
967 4215 1124 4279 ecumbe,
1143 4229 1202 4282 quo
1212 4211 1362 4270 reseratur.

256 4317 387 4376 Fortasse
404 4335 431 4374 v.
448 4317 591 4374 ses-ssa
608 4315 697 4388 spurii
715 4319 745 4372 st
765 4315 807 4372 sio
825 4317 984 4376 sententiae
1001 4309 1209 4372 cunimundus
1226 4313 1306 4366 snut:
