3080 4960
189 601 427 685 interpolatione
455 618 525 666 cum
556 601 621 668 tam
652 601 758 668 umiae
782 603 814 667 ot
839 601 920 668 inter
949 621 980 668 se
1007 555 1180 685 pugnantes
1203 601 1286 668 latae

189 713 253 778 sint
275 711 412 776 virorum
432 709 595 775 doctorum
617 711 797 790 sententiae,
832 727 937 777 vereor
958 728 996 775 ne
1015 709 1213 792 arrogantiae
1235 727 1306 776 co··

189 838 314 904 arguar,
342 817 424 902 quod
445 817 506 883 tiro
528 817 568 884 ad
590 819 670 884 hanc
692 818 906 901 quaestionem
927 818 1070 884 accedere
1090 818 1122 884 at
1142 817 1287 884 indoctus

189 929 385 995 doctissimos
409 946 490 993 nora
515 926 624 993 dooere
650 947 711 992 non
739 927 888 994 dubitem.
933 927 993 993 Sed
1025 943 1095 992 oum
1126 927 1173 992 ita
1205 926 1286 992 terat

190 1037 264 1104 ordo
281 1037 373 1103 buius
394 1035 627 1119 disputationis,
657 1036 794 1102 officium
819 1037 970 1102 mehercle
990 1035 1203 1120 subterfugere
1224 1055 1286 1102 nou

190 1165 322 1230 possum,
345 1145 418 1229 quid
434 1145 569 1211 sentiam
585 1145 624 1212 de
638 1146 730 1212 huius
745 1145 868 1212 fabulae
882 1145 1010 1228 prologo
1029 1144 1124 1210 libere
1139 1143 1286 1210 edicendi.

190 1254 261 1322 Non
282 1257 387 1322 autem
408 1255 496 1339 potui
518 1255 595 1320 mihi
623 1254 813 1337 persuadere,
849 1255 885 1318 ut
917 1254 1058 1337 singulas
1090 1253 1285 1336 singulorum

191 1363 347 1446 opiniones
371 1363 514 1429 referrem
536 1364 567 1428 et
589 1382 815 1448 oppugnarem:
837 1360 888 1439 δὶς
907 1356 1035 1446 κράμβη
1049 1355 1204 1438 θάνατος.
1226 1358 1285 1441 Qui

190 1489 371 1554 cognoscere
398 1473 493 1546 volet,
525 1491 594 1537 aum
625 1472 665 1537 ad
691 1471 863 1538 Hermanni
891 1470 1041 1554 Henuigii
1071 1470 1188 1536 librum
1221 1469 1293 1549 „De

190 1581 368 1664 Iphigeniae
388 1565 568 1646 Aulidensis
592 1581 692 1647 forma
718 1599 755 1646 ac
784 1579 981 1646 condicione“
1018 1573 1287 1663 (Baralini1870)

189 1689 373 1772 inscriptum
394 1689 506 1772 relego.
549 1689 598 1754 Ao
619 1688 696 1756 mihi
718 1688 843 1772 quidem
865 1688 898 1752 in
919 1688 978 1754 bac
991 1686 1202 1770 disputatione
1216 1705 1286 1754 cum

190 1799 245 1864 illo
266 1816 337 1877 uno,
359 1799 414 1880 qui
437 1798 622 1864 novissimus
637 1799 718 1864 banc
732 1796 945 1880 quaestionem
960 1796 1119 1874 tractavit,
1142 1815 1189 1860 res
1204 1796 1286 1876 esto;

192 1907 316 1984 ceteros,
340 1905 400 1970 nisi
415 1923 655 1971 commemorare
669 1903 876 1970 necessarium
891 1903 960 1980 erit,
983 1921 1045 1968 non
1059 1903 1235 1970 nominabo.
1248 1937 1286 1950 -

191 2013 237 2080 Do
257 2013 384 2097 prologo
405 2013 504 2097 igitur
524 2015 589 2091 aut,
612 2013 648 2078 ut
665 2014 842 2080 accuratius
865 2012 978 2096 dicam,
987 2011 1026 2077 de
1050 2011 1286 2094 expositione-

193 2122 233 2187 sit
258 2123 348 2188 uenia
374 2122 484 2187 verbo!
517 2157 556 2168 —
590 2123 682 2188 huius
709 2122 834 2189 tabulae
867 2121 911 2204 (r.
935 2117 1071 2202 1—163)
1102 2123 1176 2186 haec
1197 2119 1288 2186 docet

192 2230 366 2314 Henuigius
386 2230 408 2294 l.
430 2230 450 2297 l.
474 2250 503 2313 p.
516 2232 631 2314 46sq.:
677 2225 854 2313 „Habemus
875 2231 976 2314 igitur
997 2230 1105 2313 opinor
1125 2231 1286 2315 prologum

191 2339 317 2422 abipso
338 2338 485 2422 Ilruipide
506 2339 675 2421 perfeetum
698 2339 738 2406 ad
761 2339 972 2424 ultimumque
993 2338 1085 2405 finem
1106 2339 1286 2421 perductum

192 2449 245 2531 qui
264 2447 318 2513 ubi
346 2446 474 2514 minime
502 2446 633 2513 debebat
663 2467 790 2513 manum
818 2448 963 2529 expertus
984 2450 1030 2514 est
1050 2448 1207 2531 Euripidis
1229 2448 1289 2514 mi·

193 2555 274 2621 noris
295 2574 400 2621 versus
419 2555 492 2622 illos
517 2555 899 2630 124-1321n0ulcantis3
924 2556 1088 2624 enecatis
1104 2554 1188 2640 (sict)
1203 2574 1288 2624 vero

193 2665 274 2730 illis
293 2665 463 2730 versibus
485 2664 582 2729 nihil
604 2662 838 2748 relinquitur
858 2666 1037 2748 suspecti,
1059 2665 1132 2730 nisi
1153 2666 1188 2730 in
1211 2665 1289 2730 sin·

194 2773 318 2855 gulcri
343 2772 514 2840 offendas
540 2773 667 2840 forma.
711 2772 780 2854 Qua
801 2773 834 2837 iu
857 2791 891 2839 re
913 2793 1072 2857 nunquam
1092 2793 1142 2840 me
1162 2773 1288 2840 habebis

194 2883 383 2962 motatorem,
405 2881 458 2948 sed
479 2882 684 2964 opponentem
699 2900 818 2964 semper
837 2901 882 2960 aa,
905 2902 985 2965 quae
999 2883 1073 2948 olim
1088 2881 1195 2948 docuit
1208 2882 1289 2947 Her·

194 3007 332 3070 mannus,
367 3008 461 3072 supra
482 2989 598 3071 passim
623 3009 642 3054 a
663 3008 713 3053 me
733 2988 883 3074 indicata,
905 2991 937 3054 et
959 2991 1084 3072 periisse
1102 2990 1219 3058 multae
1242 2990 1290 3057 fa·

192 3099 280 3166 bulas
310 3117 389 3182 quae
415 3097 507 3182 qualo
535 3099 693 3164 exordium
723 3099 888 3164 habuerint
913 3099 1066 3165 nescimus
1092 3100 1124 3166 et
1148 3118 1184 3166 eo
1210 3101 1289 3166 tem·

192 3227 264 3290 pore
295 3227 357 3291 quo
383 3209 459 3274 baec
484 3208 647 3290 tragoedia
673 3208 791 3290 scripta
819 3209 867 3272 est
892 3207 1081 3292 Euripidem,
1113 3209 1150 3274 ut
1170 3208 1288 3274 incauti

194 3317 331 3383 novitate
352 3317 496 3399 placarat,
529 3316 569 3382 ad
596 3317 720 3382 insueta
750 3316 925 3398 confugisse
953 3315 1030 3382 satis
1052 3315 1197 3384 credibile
1218 3335 1291 3384 esse.

194 3425 280 3491 Haeo
298 3425 326 3490 si
347 3423 524 3500 obiciemus,
557 3425 638 3488 certe
659 3424 718 3488 boc
738 3423 972 3506 impetrabimus
995 3426 1036 3490 ab
1057 3425 1101 3490 eis
1123 3425 1176 3508 qui
1202 3443 1290 3508 prae·

193 3533 340 3598 iudicatis
361 3532 469 3598 carent
489 3532 694 3615 opinionibus,
716 3533 754 3596 ut
774 3532 944 3599 concedant
965 3533 998 3600 in
1019 3535 1101 3600 bunc
1126 3533 1287 3618 prologum

195 3642 248 3726 qui
269 3641 441 3725 inquirunt,
465 3659 527 3706 non
549 3659 636 3724 posse
657 3659 707 3706 eoa
729 3641 942 3725 qualecunque
953 3635 1174 3727 argumentum
1189 3643 1291 3725 petere

195 3769 230 3816 er
251 3749 372 3833 prologi
393 3749 493 3815 torma
495 3800 605 3816 .....
628 3748 704 3813 Plus
727 3749 832 3815 autem
853 3769 903 3816 mo
917 3749 1097 3816 adsecutum
1113 3767 1287 3833 essequam

195 3859 389 3940 profecerunt
410 3857 503 3922 ceteri
526 3877 585 3923 non
608 3859 655 3922 est
681 3875 736 3921 cur
758 3876 909 3936 moneam,
942 3877 1013 3924 oum
1042 3859 1112 3924 illos
1142 3858 1291 3941 appareat
1319 3923 1323 3932 ,

195 3965 342 4032 mutilata
363 3967 501 4034 membra
523 3967 628 4052 ignoti
654 3967 790 4050 corporis
814 3966 1055 4050 deprehendisse,
1088 3967 1165 4032 mihi
1191 3967 1291 4034 couti·

196 4075 278 4158 gerit
305 4075 341 4138 ut
367 4073 531 4158 prologum
556 4075 748 4142 restituerem
769 4075 948 4142 absolutum
971 4075 1112 4140 omnibus
1134 4095 1168 4141 er
1192 4073 1291 4156 parti·

196 4183 262 4262 bus,
295 4182 378 4268 quod
400 4186 510 4266 quanti
531 4185 680 4252 momenti
701 4185 743 4252 ait
764 4183 804 4252 ad
826 4184 1013 4250 mutentiam
1035 4202 1133 4250 meam
1155 4183 1290 4267 proban·

196 4289 269 4358 dam
292 4293 420 4360 minime
445 4311 493 4359 mo
520 4293 631 4378 fugire*
676 4294 727 4362 Sic
749 4295 856 4378 plenus
882 4291 1085 4360 confidentiae
1107 4291 1291 4374 Henuigius.
