3080 4960
767 433 802 486 52

238 623 299 670 non
321 604 483 688 perspexit.
526 603 614 684 Quod
639 602 720 668 enirn
743 622 771 668 u.
790 603 871 667 1160
886 621 941 684 τα,
963 600 996 666 id
1020 603 1120 684 ipsum
1144 602 1220 668 dicit
1241 604 1332 668 Enri-

238 714 323 796 pides
335 732 361 778 v.
374 714 407 778 9:
430 713 565 778 occisum
586 731 651 778 esse
662 711 927 795 Agamemnonem
940 709 1203 794 Clytaemnestrae
1218 731 1332 777 mann

238 817 397 907 (γυναικὸς
410 817 504 905 ,πρὸς
527 816 834 907 Κλυταιμνήστρας).
876 820 920 885 At
949 820 1162 902 interpolator,
1194 821 1247 904 qui
1269 821 1333 885 for·

237 933 318 998 tasse
349 932 531 998 meminerat
557 951 586 996 v.
610 932 673 996 916
693 949 753 1015 sq.‚
789 931 842 995 ubi
869 930 993 996 Electra
1016 929 1202 1014 Aegisthum
1236 929 1334 994 inter-

237 1040 363 1106 iectum.
375 1041 419 1105 sic
439 1040 593 1123 increpat:
923 1029 926 1036 ’

783 1147 883 1232 ἄνδρα
904 1123 1088 1225 d'itcooeg

435 1257 713 1342 στρατηλατοῦνθ’
728 1252 878 1344 Ἕλλησιν

239 1369 287 1434 vel
310 1368 402 1450 Soph.
424 1369 471 1433 El.
494 1369 534 1433 97
555 1388 599 1451 sq.
622 1370 654 1434 et
672 1369 742 1448 279,
765 1369 864 1434 invita
885 1368 1026 1434 Minerva
1049 1367 1170 1434 addidit
1192 1387 1220 1431 v.
1245 1369 1298 1431 10:

422 1476 557 1542 καὶτοῦ
583 1477 727 1542 Θυέστου
750 1472 869 1554 παιδὸς
890 1472 1060 1562 Αἰγίσθου
1083 1475 1154 1560 χερί

239 1584 425 1668 languidum
447 1588 478 1652 et
499 1579 704 1670 roocotdyov.
748 1586 833 1651 Iuvit
854 1586 958 1652 autem
986 1586 1259 1669 interpolationem
1285 1605 1335 1652 ars

240 1693 474 1776 interpretandi,
498 1714 559 1778 qua
579 1697 639 1760 iste
655 1696 880 1780 grammaticus
895 1695 1050 1774 utebatur,
1074 1695 1128 1780 qui
1151 1687 1336 1776 τιρόςΚλο-

240 1797 457 1889 ταιμνὴστρας
483 1799 570 1890 δόλῳ
600 1804 689 1886 „dolo
712 1804 994 1889 Clytaemnestrae“
1027 1823 1091 1870 esse
1121 1803 1221 1871 voluit
1232 1802 1264 1886 ¹).
1296 1839 1333 1848 -

240 1911 323 1980 Male
342 1911 381 1976 N.
410 1932 437 1978 v.
462 1914 509 1990 17,
545 1912 599 1995 qui
620 1913 699 1977 nihil
723 1914 816 1978 habet
837 1932 892 1978 cur
915 1912 948 1977 in
974 1913 1178 1996 suspicionem
1201 1913 1336 1991 vocetur,

242 2019 328 2084 uncis
350 2019 510 2086 includens
525 2022 623 2087 totius
644 2021 814 2086 sententiae
828 2019 1042 2104 symmetriam
1057 2021 1210 2104 turbavit5
1229 2039 1336 2086 verum

244 2126 322 2192 vidit
343 2127 555 2212 Steinbergius
589 2129 648 2208 (De
672 2129 814 2210 interpol.
837 2129 909 2193 Eur.
933 2129 980 2194 El.
1002 2130 1093 2196 Halis
1119 2131 1201 2196 1864
1221 2149 1250 2212 p.
1274 2129 1337 2209 19),

170 2283 171 2287 η
243 2236 296 2319 qui
308 2256 336 2302 v.
352 2238 388 2301 15
404 2238 544 2320 Euripidi
559 2238 758 2317 abiudicavit,
780 2239 814 2302 in
831 2257 890 2321 quo
904 2240 997 2306 verba
1011 2233 1099 2326 θῆλύ
1115 2239 1143 2302 τ’
1159 2229 1339 2321 Ἠλέκτρας

212 2338 356 2426 ..θάλος
390 2347 448 2411 etsi
473 2347 631 2430 tragicum
659 2367 732 2430 pree
762 2366 794 2412 se
819 2346 923 2412 ferunt
947 2350 1089 2430 colorem,
1123 2349 1227 2416 tamen
1257 2346 1339 2413 male

242 2456 472 2548 usurpanturll.
515 2456 620 2556 Etiam
642 2457 694 2523 hic
716 2450 821 2522 vorsus
843 2458 907 2522 sine
929 2457 1021 2524 dubio
1035 2457 1236 2542 grammatici
1258 2456 1339 2522 fetus

243 2566 298 2629 est.
321 2601 359 2610 -
383 2564 490 2648 Neque
511 2584 567 2647 ego
588 2567 664 2631 mihi
686 2585 811 2649 possum
832 2567 1013 2649 persuadere
1034 2587 1063 2633 r.
1089 2569 1128 2633 18
1216 2591 1218 2596 ·

392 2673 545 2760 Στροφίῳ
566 2668 595 2738 τ’
619 2671 721 2741 ἔδωκε
746 2673 888 2741 Φωκέων
913 2673 960 2755 εἰς
981 2679 1038 2763 γῆν
1059 2675 1191 2764 τρέφειν

244 2783 283 2846 ab
307 2783 454 2866 Euripide
481 2785 631 2867 scriptum
657 2804 736 2862 esse;
768 2787 875 2852 statim
904 2805 1026 2852 omnem
1052 2787 1185 2853 abiciam
1214 2786 1339 2851 dubita·

243 2889 369 2969 tionem,
401 2891 428 2955 si
457 2892 525 2974 quis
557 2893 647 2958 iustis
674 2894 818 2976 exemplis
851 2895 1028 2978 probaverit
1053 2893 1207 2981 Στροφίῳ
1236 2890 1339 2960 ἔδωκε

246 2997 388 3062 Φωκέων
409 2995 456 3076 εἰς
478 3002 535 3086 γῆν
557 3020 575 3066 a
597 3002 684 3067 bouis
701 3001 902 3084 scriptoribus
918 3003 979 3068 dici
995 3022 1081 3087 posse
1096 3022 1164 3088 pro:
1185 3001 1339 3091 Στροφίῳ

246 3103 349 3172 ἔδωκε
371 3107 508 3190 κομίσας
532 3108 674 3172 Φωκέων
698 3105 745 3186 εἷς
766 3111 865 3198 γῆνθ).
895 3112 964 3176 Ηου
980 3113 1099 3177 certum
1113 3114 1234 3178 estnon
1250 3113 1341 3178 modo

244 3216 322 3281 nihil
350 3216 517 3282 desiderari
538 3218 598 3284 isto
624 3238 712 3284 versu
742 3219 851 3298 deleto,
885 3219 1054 3286 sedetiam
1084 3219 1241 3286 meliorem
1274 3220 1341 3286 fieri

245 3325 342 3390 totius
363 3327 534 3391 sententiae
555 3327 739 3409 habitum).
760 3363 794 3372 —-
820 3327 1003 3394 Rectissime
1023 3328 1063 3394 N.
1083 3330 1115 3394 in
1137 3329 1339 3413 suspicionem

246 3434 370 3498 vocavit
392 3453 419 3498 v.
439 3435 479 3498 26
770 3413 773 3424 ’

443 3541 492 3626 μή
517 3565 563 3628 τῳ
586 3543 755 3627 λαθραίως
776 3541 870 3608 τέκνα
890 3543 1023 3631 γενναίῳ
1045 3541 1143 3610 τέκοι.

229 3650 330 3716 ,Nam
357 3653 388 3716 et
415 3670 539 3735 prorsus
566 3653 648 3720 idern
672 3656 719 3720 est
746 3656 839 3737 atque
866 3675 894 3720 v.
917 3657 957 3721 22
984 3656 1015 3720 et
1036 3653 1144 3720 scholii
1165 3653 1264 3720 instar
1286 3655 1342 3720 ad·

350 3855 375 3924 1)
395 3855 523 3910 Eundem
542 3873 652 3910 sensum
669 3855 930 3926 postulatWeilius‚
949 3856 1037 3926 quiin
1048 3856 1111 3911 adu.
1122 3857 1183 3911 crit.
1196 3857 1341 3926 hanopro·

248 3950 305 4006 fert
332 3953 528 4022 coniecturam,
560 3971 642 4024 quam
665 3971 746 4009 nemo
770 3958 839 4024 puto
866 3952 1010 4023 probabit:
1041 3953 1072 4008 ἐκ
1101 3950 1339 4026 Κλυταιμνήστρας

250 4042 340 4101 δόλου.

258 4105 263 4130 l
349 4144 376 4212 2)
395 4143 437 4198 De
453 4162 504 4199 usu
523 4144 651 4199 vocabuli
670 4139 755 4202 θάλος
773 4143 836 4197 vide
854 4142 913 4212 lph.
933 4141 1016 4198 Taur.
1038 4145 1096 4196 171.
1115 4107 1225 4197 Phoen.¹
1237 4144 1280 4197 88.

351 4241 379 4309 3)
396 4240 438 4295 De
456 4239 566 4295 filiabus
586 4239 753 4295 collocandis
772 4240 811 4293 sic
830 4238 899 4293 dicit
917 4239 1053 4293 Homerus
1072 4259 1087 4291 ο
1107 4240 1167 4293 367.
1187 4259 1202 4309 ρ
1221 4239 1281 4292 442.

350 4340 377 4407 4)
397 4340 521 4409 Apparet
539 4343 602 4407 post
618 4356 643 4392 v.
666 4339 696 4391 19
715 4338 795 4407 plene
813 4336 1067 4407 interpungendum
1083 4353 1151 4410 essa
