3080 4960
712 411 773 502 'dt

211 587 302 654 huius
323 577 516 675 α’θετὴσιως
537 607 620 654 nunc
641 588 1057 672 nonamplinsexponam1);
1093 605 1200 666 unum,
1223 583 1306 670 quod

210 697 340 764 tortasse
357 700 465 763 contra
482 697 544 762 dici
565 698 671 784 possit,
691 697 828 764 refutare
842 697 979 764 studebo.
1003 697 1207 763 Arbitrantur
1222 697 1304 762 enim

210 805 251 872 K.
273 807 479 890 inapparatu
501 806 619 886 critico,
653 807 823 874 hlsinelrius
845 807 903 891 ing.
927 827 1004 874 com.
1027 805 1080 872 (ir.
1102 807 1136 872 ll
1162 825 1190 888 p.
1213 806 1304 880 1098,

210 915 261 983 W.
275 917 314 982 A.
330 916 364 982 ll.
379 935 409 999 p.
422 918 483 983 190
504 918 571 984 ludi
592 919 663 985 illos
681 939 787 985 uersus
801 921 839 986 ab
854 919 1063 1002 Aristophane
1077 919 1182 984 Lemn.
1197 916 1258 1000 ing.
1270 919 1303 981 2:

356 1047 499 1117 ἐνταῦθα
520 1051 547 1118 d'
571 1048 776 1137 ἒτυράννιοεν
795 1047 981 1139 Ὑψιπύλης
1001 1048 1124 1139 πατὴρ,

358 1156 459 1240 Θόας,
483 1157 684 1244 opacitates
705 1156 751 1228 ὢν
773 1161 807 1228 ἓν
827 1154 1023 1245 ἀνθρώποις
1042 1161 1186 1243 δραμεῖν.

211 1294 296 1376 Quae
318 1296 411 1362 verba
431 1296 463 1360 in
486 1297 614 1382 prologo
637 1297 761 1364 fabulae
776 1297 1021 1380 Aristophaneae
1042 1295 1195 1361 exstitisse
1216 1295 1247 1359 et
1263 1293 1303 1360 ad

208 1403 388 1487 Euripidem
416 1406 606 1472 irridendum
634 1407 722 1474 fictos
746 1427 809 1474 esse
836 1405 914 1472 mihi
942 1424 1122 1487 persuasum
1147 1405 1209 1480 est;
1243 1423 1304 1486 quo

207 1513 312 1578 autem
333 1513 510 1594 referamus,
548 1536 610 1581 non
637 1515 763 1582 difficile
787 1516 911 1582 videtur
938 1514 1034 1579 dictu.
1078 1513 1194 1579 Docuit
1222 1513 1305 1578 enim

208 1621 371 1705 Euripides
393 1623 497 1689 eodem
521 1622 583 1688 iere
609 1625 754 1706 tempore,
789 1642 849 1706 qno
876 1624 965 1688 actae
991 1621 1065 1686 sunt
1087 1617 1304 1702 Aristophanis

208 1725 352 1793 Lemniae
375 1763 413 1775 —
437 1729 495 1793 etsi
517 1729 655 1793 neutrius
669 1729 792 1795 fabulae
813 1749 913 1795 annus
935 1730 1018 1794 certe
1038 1727 1160 1792 omres
1179 1761 1221 1772 --
1235 1726 1304 1810 Hy·

208 1835 371 1920 psipylam‚
393 1837 562 1903 consimilis
584 1839 760 1921 argumenti
774 1837 978 1922 tragoediam.
1029 1835 1144 1916 Quidni
1159 1835 1199 1900 ad
1214 1835 1302 1900 illem

208 1944 312 2026 potius
339 1944 420 2011 hauc
448 1945 607 2029 parodiam
633 1947 784 2028 pertinere
810 1948 1009 2012 statuamus?
1051 1943 1169 2008 Deletis
1199 1947 1303 2010 autem

208 2073 238 2118 v.
258 2055 382 2120 31-33
406 2055 500 2120 etiam
522 2075 558 2122 ea
578 2055 732 2122 evanescit
753 2054 932 2132 difficultas,
954 2073 1034 2138 quae
1054 2053 1187 2118 vexabat
1201 2051 1253 2117 W.
1265 2055 1302 2118 A.

207 2161 240 2226 Ε.
257 2181 286 2244 p.
298 2163 369 2228 203.
411 2163 468 2229 Ille
488 2164 570 2230 enim
591 2165 738 2248 postulat,
761 2168 797 2230 ut
818 2165 988 2231 secrrndum
1009 2164 1100 2246 leges,
1126 2181 1202 2246 quas
1214 2162 1303 2228 Euri·

207 2271 294 2354 pides
315 2272 353 2339 de
374 2291 574 2356 personarum
598 2276 773 2341 nominibus
795 2273 856 2341 sibi
870 2274 994 2349 statuit,
1016 2271 1168 2337 Thoantis
1182 2290 1302 2349 nomen,

207 2381 376 2464 antequam
397 2381 463 2464 ipse
484 2382 516 2446 in
538 2401 681 2448 scaenam
702 2383 839 2466 prodeat,
862 2381 1088 2464 pronuntietur.
1115 2379 1216 2461 Quare
1230 2381 1303 2446 ante

206 2506 235 2554 v.
260 2490 341 2554 1152
371 2489 526 2556 distichon
556 2490 641 2556 chori
671 2490 817 2555 excidisse
849 2489 972 2554 conicit.
1015 2488 1061 2552 At
1082 2489 1185 2554 Thoas
1207 2507 1302 2572 usque

207 2595 246 2660 ad
269 2616 298 2662 v.
321 2599 402 2663 1285
424 2599 549 2664 omnino
573 2618 685 2665 nomen
706 2617 767 2663 non
790 2597 897 2674 hahat3
931 2596 1054 2664 nomine
1080 2597 1145 2664 eius
1170 2599 1303 2664 utuntur

207 2705 335 2771 nuntius
358 2703 470 2790 (1285)
491 2709 522 2773 et
543 2709 682 2774 Minerva
704 2711 746 2788 (v.
769 2708 859 2773 1436.
884 2709 988 2789 1474),
1012 2727 1170 2790 nunquam
1192 2708 1302 2775 chorus

205 2813 236 2878 et
257 2813 428 2898 Iphigenia.
451 2853 492 2862 -
515 2817 642 2883 Praeter
665 2835 773 2882 versus
796 2819 848 2883 59.
871 2821 915 2885 60
935 2838 955 2885 a
978 2818 1017 2885 N.
1039 2817 1202 2885 damnatos
1223 2838 1304 2885 unus

204 2923 302 2988 restat
327 2923 412 2989 locus
433 2925 649 3004 difficillimus,
671 2945 700 2990 v.
723 2925 865 2992 34-41:

352 3062 458 3124 ναοῖσι
480 3059 508 3125 δ’
530 3059 564 3126 ἐν
585 3060 692 3129 τοῖσδ’
714 3053 819 3143 ispius
838 3060 955 3149 τίθησί
973 3086 1025 3145 με,

263 3166 304 3229 35
348 3160 593 3256 distenduntur,
615 3170 756 3255 τοῖσινῑ)
778 3166 891 3258 ἥδεται
913 3165 979 3236 θεά

341 3259 501 3358 ’Ἄρτεμις
521 3273 651 3364 ἑορτῆς,
675 3266 808 3360 codvop'
832 3265 869 3366 ἧς
889 3273 989 3343 καλὸν
1007 3272 1118 3360 μόνον,

347 3377 389 3447 τὰ
408 3383 438 3449 δ’
459 3373 541 3452 ἄλλο
560 3389 655 3476 σιγῶ,
678 3381 736 3475 τήν
756 3381 841 3452 θεὸν
861 3387 1062 3475 φοβουμένη·

346 3487 454 3572 θύωθ)
476 3492 536 3581 γὰρ
558 3485 657 3572 ὄντος
678 3498 737 3561 τοῦ
760 3490 861 3577 νόμου
884 3495 937 3562 καὶ
960 3497 1039 3580 πρὶν
1059 3490 1166 3580 πόλει,

346 3592 383 3680 ὃς
403 3595 443 3668 dv
464 3603 613 3696 metrop
636 3599 730 3694 τήνδε
754 3607 812 3694 γῆν
826 3599 941 3692 Ἕλλην
962 3598 1054 3694 ἀνήρ·

197 3795 395 3810 ——fl———n-

299 3923 326 3994 1)
345 3923 449 3984 Moneo
468 3929 601 3986 lectorem
620 3946 718 3986 causae
737 3930 863 3994 iteratae,
890 3947 972 3999 quem
990 3929 1224 4002 interpolatorum
1242 3951 1300 3988 rno-

195 4035 256 4074 rem
284 4026 370 4078 antea
396 4041 455 4080 non
478 4025 562 4082 semel
590 4025 777 4098 eognovimus.
807 4055 839 4066 -
868 4025 973 4082 lterum
997 4027 1111 4082 Useneri
1141 4031 1302 4088 oonieotura

195 4113 349 4186 Euripides
367 4120 539 4194 etymologia
555 4121 699 4179 liberatur.

298 4215 329 4286 2)
348 4215 396 4274 Sic
414 4215 498 4274 laur.
518 4223 546 4276 et
562 4219 599 4276 ab
618 4220 667 4275 alt.
686 4237 723 4274 m.
741 4217 814 4288 Pal.;
831 4219 928 4274 τοῖσιδ’
947 4219 1006 4276 Pal.
1025 4238 1042 4277 a
1059 4237 1102 4292 pr.
1120 4241 1156 4278 m.

301 4315 330 4380 8)
349 4313 397 4370 Sic
415 4313 499 4370 Lanr.
519 4345 552 4356 -
570 4317 641 4372 Pal:
662 4309 699 4370 θὺ
715 4333 776 4388 γορ.
813 4314 982 4386 Byzantinus
1000 4323 1152 4374 corrector:
1171 4325 1255 4374 θείου.
