3080 4960
783 473 818 528 68

254 663 476 712 commemoro:
500 645 649 727 quattuor
670 663 739 710 eum
764 663 908 726 personas
931 663 1055 727 prorsus
1076 663 1281 728 supervacuas
1301 645 1352 710 in·

254 755 385 833 duxisse,
407 753 613 837 Tyndareum,
633 753 793 837 Pyladem,
808 753 1020 832 Hermionam,
1044 754 1200 838 Phrygem
1209 754 1240 834 ¹).
1263 754 1351 820 Haeo

235 863 354 947 ,igitur
377 862 482 928 tabula
502 862 571 927 fusa
594 863 640 926 est
662 881 760 945 neque
784 863 824 927 ad
851 864 928 927 artis
954 864 1036 943 loges
1060 865 1234 930 elaborata:
1268 864 1373 928 idem·

251 971 313 1036 diei
335 971 437 1053 potest
468 969 506 1036 de
537 970 676 1055 prologo.
726 971 842 1066 Incipit
873 973 954 1037 enim
977 973 1101 1037 Eleotra
1122 971 1239 1038 Orestis
1270 973 1351 1037 leoto

252 1079 390 1145 assidens
411 1099 431 1145 a
451 1080 607 1145 sententia
628 1081 705 1146 satis
726 1079 782 1145 vili
804 1081 835 1144 et
856 1080 1035 1146 deeantata:
1058 1080 1180 1145 nullum
1199 1099 1263 1145 esse
1284 1099 1351 1145 ma-

253 1189 329 1266 lum,
352 1189 435 1273 quod
456 1207 517 1254 non
540 1188 702 1271 patiantur
722 1188 870 1253 homines.
910 1188 1010 1269 Quam
1025 1191 1061 1252 ut
1075 1189 1194 1272 probet,
1215 1189 1350 1272 exemplo

254 1297 355 1364 utitur
377 1297 513 1363 auotoris
536 1283 658 1380 generis
680 1297 737 1376 sui,
761 1297 898 1376 Tantali,
921 1315 940 1362 a
962 1316 1022 1381 quo
1040 1316 1093 1380 per
1108 1300 1217 1362 atavos
1231 1298 1262 1362 et
1276 1313 1351 1362 avos

252 1425 340 1472 suam
363 1407 393 1472 et
418 1405 536 1473 Orestis
566 1406 718 1489 originem
740 1405 866 1470 deducit
896 1405 939 1488 (v.
964 1404 1087 1488 1-27).
1142 1405 1201 1472 Sed
1231 1407 1262 1470 in
1291 1405 1350 1470 hao

250 1515 317 1599 ipsa
341 1515 462 1598 prologi
485 1515 573 1596 parte
595 1515 668 1579 srrnt
691 1533 769 1597 quae
795 1515 919 1580 silentio
940 1515 1107 1597 praeterire
1137 1533 1197 1580 non
1226 1513 1350 1597 possim.

251 1623 428 1690 Haeserunt
457 1623 538 1687 enim
572 1623 632 1687 viri
663 1624 748 1688 dooti
780 1625 813 1688 in
843 1624 943 1690 verbis
978 1643 1007 1690 v.
1035 1627 1055 1688 4
1089 1620 1167 1688 κοδκ
1203 1615 1349 1702 ὀνειδίζω

252 1727 356 1814 τύχας.
400 1733 502 1814 Quam
528 1733 660 1814 protulit
681 1733 880 1798 Hermannus
905 1727 1191 1815 interpretationem
1219 1751 1300 1810 „non
1323 1732 1350 1795 ei

252 1841 399 1924 exprobro
415 1841 595 1908 fortunam‘
611 1844 642 1907 et
663 1862 682 1908 a
703 1861 794 1907 sensu
809 1843 840 1908 et
856 1863 873 1908 a
888 1843 990 1909 verbis
1010 1842 1166 1926 repudiari
1186 1843 1352 1915 existum03

253 1950 459 2016 necessarium
482 1951 563 2016 enim
587 1952 663 2029 erat,
687 1951 713 2016 si
734 1952 810 2016 haee
832 1953 932 2017 dicere
953 1951 1101 2017 voluisset
1122 1951 1220 2034 poeta,
1243 1951 1279 2014 ut
1295 1949 1351 2014 ad-

256 2059 341 2124 deret
375 2049 482 2144 adepi:
528 2059 634 2125 Weilii
670 2061 773 2124 autem
805 2060 1020 2142 interpretatio
1053 2045 1198 2138 „Electae
1230 2057 1353 2124 distare

254 2167 363 2249 qa’elle
388 2189 427 2232 ne
449 2167 543 2249 parte
566 2170 659 2249 point
686 2169 771 2233 ainsi
791 2189 857 2249 pao·
881 2171 1057 2234 sareosme“
1077 2189 1096 2232 a
1119 2168 1244 2233 notione
1267 2168 1352 2232 verbi

253 2267 420 2357 ὀνειδίζειν
450 2277 604 2342 abhorret.
648 2275 746 2342 Pauoi
772 2295 845 2341 saue
875 2275 935 2341 looi
965 2277 1048 2354 sunt,
1082 2278 1194 2359 quibus
1222 2277 1350 2343 verbum

253 2375 420 2466 ὀνειδίζειν
441 2386 642 2469 coniungitur
663 2405 733 2452 oum
751 2386 929 2452 accusativo
952 2387 995 2452 rei
1018 2387 1130 2452 omisso
1152 2386 1259 2453 dativo
1280 2405 1351 2468 per-

252 2511 359 2570 sonae;
381 2494 425 2560 ibi
448 2495 607 2561 notionem
630 2495 721 2562 habet
744 2497 854 2579 „turpe
877 2496 925 2561 vol
947 2496 1066 2562 malum
1084 2496 1202 2579 aliquid
1218 2496 1349 2560 dieene“.

253 2602 381 2668 Praeter
401 2604 484 2669 huno
505 2606 645 2670 nostrum
669 2605 751 2688 apud
774 2605 953 2688 Euripidem
980 2607 1042 2672 tres
1068 2606 1182 2671 inveni.
1222 2601 1351 2669 ‘Primus

251 2710 367 2794 legitur
387 2732 417 2778 v.
429 2715 479 2779 85.
513 2714 650 2796 Rogavit
665 2714 822 2779 Electram
836 2714 956 2780 Helena
977 2715 1053 2808 qpid
1076 2716 1108 2781 et
1125 2714 1181 2780 illa
1203 2715 1234 2779 et
1250 2713 1347 2778 irater

253 2820 367 2903 ageret.
392 2819 479 2887 'Iam
500 2823 664 2905 respondet
683 2823 818 2889 Electra:

401 2949 473 3037 ἐγώ
494 2952 565 3037 μὲν
589 2945 714 3032 domnoc
735 2949 899 3039 πάρεδρος
920 2948 1030 3042 α’δλίῳ
1050 2959 1161 3042 νεκρῷ,

402 3049 517 3148 νεκρὸςΙ
535 3059 593 3148 γὰρ
617 3053 714 3142 οὗτος
735 3059 850 3129 οὕνεκα
872 3069 1010 3148 σμικρᾶς
1033 3068 1146 3153 πνοῆς,

400 3165 533 3239 θάσσω·
556 3168 768 3238 adtonitos
792 3174 826 3238 δ’
849 3165 907 3239 oria
929 3166 1077 3257 ὀνειδίζω
1096 3169 1186 3240 κακά.

252 3307 273 3372 i.
296 3326 321 3372 e.
344 3306 436 3372 huius
459 3306 605 3392 (Orestis)
627 3310 731 3374 autem
753 3309 837 3374 mala
862 3327 922 3374 non
945 3307 1192 3392 commemoro¹).
1236 3309 1350 3374 Neoes-

251 3413 334 3480 sario
366 3415 516 3498 sequitur,
550 3417 586 3480 ut
614 3435 721 3482 uorsus
750 3415 826 3481 duos
852 3417 1047 3500 insequentes
1075 3417 1197 3496 sorel,
1232 3419 1286 3501 qui
1309 3418 1348 3482 ad

252 3542 433 3606 responsum
455 3525 533 3589 nihil
547 3526 711 3607 pertinent,
735 3526 899 3592 deleamus.
929 3527 1042 3591 Misera
1057 3528 1130 3590 sunt
1149 3526 1349 3610 interpolatio

252 3632 398 3713 hominis,
421 3633 484 3716 qui,
508 3654 577 3699 eum
600 3637 694 3702 verba
714 3631 755 3699 νδ
775 3629 893 3700 τούτου
909 3635 938 3700 δ’
954 3627 1013 3700 oda
1035 3627 1182 3718 ὀνειδίζω
1201 3630 1282 3701 κακά
1295 3656 1350 3720 per

253 3741 451 3824 parenthesin
472 3742 558 3808 diota
583 3743 825 3823 existumarent,
852 3745 891 3810 ad
914 3746 1007 3810 verba
1029 3739 1090 3828 ἐγώ
1111 3745 1171 3827 μὲν
1193 3744 1258 3810 κτλ.
1280 3765 1349 3811 sen-

252 3850 384 3917 tentiam
408 3870 427 3916 a
449 3852 551 3919 verbis
580 3848 620 3917 σδ
646 3851 682 3918 δέ
709 3854 907 3938 incipientem
934 3854 1098 3922 addiderit.
1142 3856 1232 3922 Alter
1263 3855 1349 3920 loeus

255 4036 452 4047 *-

360 4159 385 4228 l)
402 4160 480 4218 Haeo
498 4181 580 4220 eausa
597 4165 661 4232 fuit,
679 4181 730 4221 eur
747 4182 832 4234 supra
846 4163 985 4236 Tyndarei
1004 4169 1032 4222 et
1050 4166 1217 4222 Hermionae
1235 4165 1348 4220 nomine

252 4255 330 4312 anem
349 4256 528 4315 ineluderem.

352 4355 381 4423 2)
401 4353 604 4416 neostraton:
625 4361 720 4414 σιωπῶ
738 4357 771 4414 τὰ
789 4357 859 4418 κακὰ
879 4355 980 4415 τούτου.
