3080 4960
189 619 404 686 censebimus?
438 619 504 685 Aut
528 621 665 688 mutavit
686 621 801 705 uliquis
821 622 914 688 uerbo
935 621 1101 705 Euripides
1125 623 1180 687 aut
1194 617 1304 689 u.26.“

189 728 231 794 27
251 727 383 794 eddidit.
426 728 519 794 Nunc
544 729 669 812 quidem
696 731 831 814 priorem
859 730 1044 796 sententiam
1074 733 1190 796 rectem
1224 749 1288 796 esse

189 835 301 904 iudico.
347 837 431 902 Bene
451 837 535 903 enim
555 838 632 904 milri
655 839 779 904 videtur
802 839 966 905 adnotasse
987 839 1170 905 scholiasta:
1197 839 1288 921 ξένος

190 948 363 1032 πατρῷος·
385 943 420 1011 ἐν
440 941 592 1033 εἰρωνείᾳ
613 937 689 1012 εἶπε
718 948 809 1029 ξένος
833 955 996 1035 πατρῷος,
1035 937 1108 1037 ἦνον
1129 942 1148 1013 ὃ
1171 971 1288 1030 πατρι-

189 1049 247 1134 κός
266 1077 331 1138 μου
353 1054 466 1142 pilum
483 1075 588 1140 meque
609 1057 701 1123 focile
722 1057 851 1124 ierimus
871 1058 986 1124 emises
1007 1059 1100 1126 verbe
1122 1053 1166 1134 εἷς
1186 1048 1286 1140 οἶδμα

188 1161 266 1242 ἁλὸς
284 1167 439 1252 μεθῆκεν,
462 1167 630 1249 inquibus
653 1167 881 1233 nihilomnino
903 1167 1079 1234 offensionis
1092 1167 1148 1232 est.
1174 1168 1285 1251 Ithue

189 1275 234 1341 sie
255 1275 318 1342 iere
337 1276 413 1358 puto
436 1275 615 1358 Euripidem
627 1275 718 1342 nene
739 1275 925 1342 conclusisse
946 1275 1146 1340 sententium:

299 1385 341 1448 26
383 1381 474 1464 ξένας
495 1385 649 1469 πατρῷος
670 1383 724 1449 καὶ
744 1385 870 1469 μεθῆκ’
893 1382 925 1461 dg·
948 1375 1036 1465 οἶδμ’
1057 1377 1144 1460 ἁλός.

190 1493 251 1560 Sed
269 1493 471 1577 procedemus
492 1493 533 1558 nd
559 1511 664 1559 versus
691 1495 896 1577 insequentes,
932 1494 1044 1577 quibus
1074 1493 1213 1559 mucules
1240 1493 1290 1558 in·

190 1602 314 1668 heenere
336 1602 414 1667 mihi
435 1619 615 1685 persuasum
636 1603 692 1668 est.
728 1603 774 1667 Ac
796 1603 930 1686 primum
954 1601 1079 1685 quidem
1094 1602 1183 1668 nobis
1198 1602 1289 1668 uelde

189 1710 342 1794 displicet,
366 1709 449 1794 quod
470 1710 644 1802 Eolydorus
666 1711 816 1777 vocabulo
838 1715 946 1792 κεῖμαι
969 1729 998 1776 r.
1021 1711 1062 1776 28
1083 1727 1202 1793 corpus,
1237 1729 1289 1776 uo·

191 1819 301 1886 nebulo
324 1811 431 1885 macc
453 1840 482 1886 r.
505 1822 544 1884 31
567 1820 704 1885 enimam
727 1837 814 1888 suum
843 1819 1001 1905 significet
1026 1819 1158 1886 subiecti
1185 1822 1289 1886 mute-

190 1929 275 1994 tione
295 1928 382 1994 nullo
404 1927 497 1994 modo
517 1927 665 1993 indicate.
709 1926 780 1993 Scio
803 1928 974 1994 Homerum
997 1927 1122 2012 quidem
1149 1947 1209 1994 non
1236 1945 1289 1994 ec·

190 2039 297 2104 curete
317 2035 494 2103 distinxisse
516 2036 598 2102 inter
621 2054 731 2119 corpus
753 2037 785 2102 et
807 2036 956 2110 enimam,
980 2036 1176 2120 cl.¹l¹71sq.
1197 2035 1289 2117 2743

190 2146 272 2230 opud
294 2145 433 2230 tragicos
454 2145 532 2210 nihil
554 2144 657 2210 simile
677 2145 806 2228 repperi.
853 2145 954 2211 Verba
978 2147 1083 2210 eutem
1109 2145 1193 2228 σῶμ’
1217 2143 1290 2230 ἕρη-

190 2249 304 2338 μώσας
323 2249 402 2338 ἐμόν
422 2273 485 2320 non
508 2255 638 2338 possunt
663 2253 814 2336 intellegi,
838 2254 898 2318 uisi
923 2255 991 2319 unte
1015 2237 1186 2338 coniungss
1219 2272 1288 2320 cnm

190 2384 221 2430 r.
248 2367 298 2431 33.
330 2365 373 2429 34
403 2364 462 2430 hoc
496 2379 601 2428 sensu:
637 2378 780 2443 ,corpore
805 2378 873 2426 meo
896 2362 1008 2426 excessi
1040 2361 1074 2446 (i.
1096 2381 1122 2427 e.
1148 2363 1291 2428 mortuus

191 2474 317 2556 sunu)¹),
347 2472 499 2557 quamdiu
519 2472 619 2538 meter
641 2489 710 2536 men
731 2471 765 2535 in
786 2470 845 2535 hec
867 2471 950 2535 terre
972 2470 1088 2537 adeste
1133 2471 1186 2537 Sic
1206 2471 1290 2536 ultro

192 2582 366 2666 exploditur
386 2599 415 2648 v.
437 2582 479 2647 32

420 2693 569 2773 τριταῖον
590 2678 651 2778 ἤδη
672 2687 790 2776 φέγγος
810 2682 1048 2772 αἰωρούμενος,

196 2799 248 2884 qui
268 2799 392 2884 insuper
414 2799 535 2882 pugnet
549 2815 620 2864 cum
635 2816 664 2863 v.
683 2799 710 2875 l,
731 2815 792 2880 qno
807 2796 956 2881 Polydori
978 2796 1091 2862 umbre
1112 2798 1197 2876 tunc,
1218 2815 1288 2862 cum

194 2909 355 2993 prolegum
367 2909 490 2991 recitet,
504 2926 540 2972 ex
551 2906 630 2973 Orco
645 2925 677 2970 se
689 2903 850 2988 procedere
863 2904 950 2971 dicit.
973 2905 1089 2990 Magno
1102 2907 1206 2972 eutem
1220 2925 1288 2970 cum

193 3017 308 3102 geudio
329 3017 504 3100 relegimus,
537 3014 620 3098 quod
643 3014 798 3079 Porsonus
828 3013 866 3079 ed
890 3015 974 3079 hunc
1000 3033 1124 3080 uersum
1146 3015 1289 3080 adnotet:

193 3126 295 3205 „llice
316 3125 432 3192 locqu
446 3127 593 3206 τριταῖον
607 3122 726 3208 φέγγος
741 3142 795 3206 pro
810 3124 944 3206 simplici
957 3123 1078 3208 τρίτον.
1102 3125 1170 3190 Uno
1185 3127 1291 3190 temen

193 3235 327 3318 exemplo
349 3253 382 3300 se
400 3233 466 3318 ipse
481 3231 643 3314 Euripides
657 3231 804 3311 defendit,
825 3231 920 3315 Hipp.
936 3251 964 3298 v.
981 3234 1073 3298 275.“
1096 3233 1141 3298 At
1156 3231 1292 3298 ostendit

194 3341 373 3408 Wheelerus
386 3344 408 3408 l.
423 3343 443 3408 l.
459 3362 487 3426 p.
502 3333 544 3406 50
559 3342 600 3408 eb
620 3341 843 3424 intorpnlutore
865 3341 1036 3424 proiectum
1059 3359 1123 3408 esse
1139 3341 1229 3406 illurn
1244 3341 1292 3406 lo·

196 3469 272 3516 cnm.
312 3451 480 3535 Nunquam
502 3451 602 3536 igitur
625 3451 787 3534 Euripides
808 3451 868 3517 hnc
888 3450 979 3516 istius
1002 3450 1144 3516 vocobuli
1167 3451 1292 3516 notione

196 3577 267 3626 usus
280 3559 368 3645 est¹).
399 3561 488 3629 Unde
510 3563 615 3628 nutem
638 3561 805 3644 sumpserit
826 3560 1030 3643 interpoletur
1052 3560 1123 3626 illos
1138 3563 1203 3626 tres
1217 3560 1291 3636 dies,

194 3669 334 3754 equidem
356 3689 417 3736 non
439 3671 538 3738 uideo.
561 3706 602 3719 -·
625 3669 686 3736 Sed
708 3671 812 3736 menet
826 3669 928 3735 adhue
943 3687 979 3735 ee
993 3667 1173 3748 difficultas,
1196 3686 1291 3752 quem

194 3777 291 3844 inesse
312 3779 414 3844 verbis
434 3783 544 3862 κεῖμαι
558 3783 591 3845 et
603 3769 712 3846 c²ieuue
731 3797 825 3862 supro
842 3777 1134 3844 demonstravimus.
1162 3777 1293 3842 Accedit

194 3887 303 3966 ultore,
323 3886 411 3952 cuius
430 3906 480 3952 me
500 3887 737 3953 commonefecit
758 3887 921 3964 Usenerus,
947 3889 1127 3969 praeceptor
1148 3886 1293 3952 doctissi-

198 4167 202 4176 ’
296 4147 321 4216 l)
347 4145 393 4204 Sic
421 4147 661 4218 interpretandum
690 4165 749 4204 esse
777 4149 869 4206 locum
897 4149 1090 4220 cognorerunt
1118 4147 1203 4202 schol.
1232 4146 1292 4202 eod.

195 4240 280 4300 Herc.
299 4249 329 4300 et
347 4243 411 4300 Vel.
431 4244 560 4300 Ostemxn
579 4245 614 4301 nl.
633 4245 703 4302 Pul.
724 4245 804 4318 Reip.
822 4245 848 4300 V
866 4263 893 4316 p.
912 4245 991 4300 469⁶.

294 4343 321 4412 2)
340 4341 487 4400 Diversum
507 4347 549 4398 eet
567 4343 611 4398 El.
635 4345 682 4398 171
704 4351 823 4418 rprruiuv
841 4349 953 4408 θυσίαη
971 4342 1007 4398 of.
1026 4341 1092 4398 Her·
1112 4341 1149 4396 Vl
1172 4339 1230 4394 120.

1069 4439 1086 4496 8
