3080 4960
210 571 330 640 Prieni
351 570 497 650 filiorm,
518 569 651 638 debebat
664 589 693 638 s.
705 571 740 648 33
760 570 796 636 nt
816 565 928 640 noluit.
959 569 1071 638 Nonus
1088 571 1166 638 istos
1180 565 1306 650 θεατὰς

210 674 347 768 σοφούς,
363 681 400 747 ut
412 699 483 748 oum
494 680 701 764 Aristophane
714 679 808 764 (lton.
819 677 915 764 1118)
925 680 1046 766 loquer,
1064 679 1192 748 scivisse
1204 682 1305 764 putas,

210 809 291 874 quae
321 787 476 858 Homerus
506 787 679 856 tradiderat
710 789 749 856 de
776 789 931 874 Polydoro
958 789 1080 856 roos:
1123 782 1244 854 οὕνεκά
1274 781 1307 856 oi

211 892 294 982 μετὰ
305 896 403 964 παισὶ
416 891 611 975 νεώτατος
626 893 701 964 ἔσκε
721 892 857 980 ydoneo?
880 897 941 964 Sed
961 893 998 962 ut
1017 897 1210 980 ignorarent,
1231 898 1307 982 qllid

209 1007 361 1075 reteretet
392 1006 433 1072 sd
466 1007 620 1074 sotiomm
649 1005 914 1090 intellegendam?
957 1005 1093 1072 Puerum
1121 1005 1248 1090 quidem
1274 1025 1307 1074 se

210 1115 305 1182 irrisos
328 1113 486 1199 signifieat
509 1113 681 1199 Polydorus
703 1134 732 1180 v.
755 1115 806 1180 20.
849 1113 1014 1180 Praetereo
1039 1113 1094 1179 isti
1119 1131 1225 1180 rorsrrs
1251 1133 1306 1185 nos

210 1223 322 1290 dooent
344 1222 535 1308 Polydorum
556 1242 575 1290 a
595 1223 722 1292 Priamo
743 1241 779 1288 or
802 1241 877 1306 egro
899 1221 1034 1289 Troiano
1056 1224 1135 1302 hane
1163 1225 1202 1290 ob
1232 1243 1306 1293 osu·

209 1351 276 1398 sem
301 1349 366 1398 esse
387 1333 527 1414 missum,
558 1332 641 1416 quod
668 1351 757 1400 arma
782 1333 863 1398 forre
889 1333 1026 1400 nondum
1052 1335 1162 1416 posset.
1203 1332 1307 1402 Saluti

211 1439 311 1524 igitur
332 1440 397 1506 sius
423 1441 605 1524 providebat
626 1441 780 1508 Priamus.
823 1441 870 1507 At
898 1461 999 1509 nonno
1021 1441 1079 1508 hoo
1109 1442 1212 1525 ipsum
1242 1441 1307 1508 inm

210 1549 401 1632 significarit
424 1549 609 1633 Euripides?
638 1549 739 1616 Velim
763 1550 841 1619 mihi
864 1550 1077 1632 interpreteris
1098 1548 1208 1626 δείσας
1229 1551 1306 1616 aot

210 1658 252 1724 ru
272 1660 299 1724 si
320 1658 449 1743 negabis
467 1658 627 1746 henopim
645 1659 693 1724 illi
708 1659 857 1726 voeabulo
876 1659 984 1738 inesse,
1006 1658 1117 1728 doceat
1133 1660 1164 1724 te
1177 1657 1306 1728 Heoube

210 1785 240 1832 v.
264 1769 338 1833 768:
375 1761 483 1850 πατήρ
506 1789 554 1832 νιν
575 1765 763 1850 ἐξέπεμψεν
785 1758 940 1852 ὀρρωδῶν
959 1769 1087 1832 θανεῖν.
1128 1765 1189 1834 Sed
1213 1764 1306 1834 rerba

212 1876 380 1944 sideomns.
424 1877 509 1944 Num
529 1877 655 1960 ingenio
676 1875 842 1958 Ituripidso
865 1875 996 1960 dignum
1018 1877 1121 1958 putas,
1148 1873 1233 1958 quod
1255 1871 1307 1940 ἐν·

213 1982 357 2067 πέμπειν
377 1986 444 2052 sine
471 1986 537 2052 ulla
562 2004 656 2052 eausa
681 1985 766 2052 intro
792 2003 902 2052 novom
927 2003 1034 2052 vorsus
1061 1985 1110 2052 ter
1135 1983 1307 2066 ropetitur?

212 2092 450 2176 interpolatoris
473 2096 579 2160 autom
599 2093 761 2178 ingenium
783 2095 904 2177 praeter
924 2093 1115 2160 strnotmem
1134 2092 1213 2160 satis
1234 2109 1308 2174 pus-

215 2201 305 2268 rilsm
325 2200 431 2285 prodit
453 2190 473 2264 ‘cl
493 2199 560 2282 καί,
593 2202 675 2286 quod
701 2202 856 2286 quomodo
884 2201 1163 2284 interpretarentur
1191 2201 1307 2268 setores

211 2311 272 2394 ipsi
302 2309 496 2376 dubitarunt.
539 2308 592 2377 Sie
620 2310 703 2376 enirn
736 2309 831 2376 sohol
864 2309 931 2376 ood.
963 2309 1049 2375 Pera
1083 2309 1187 2376 τοῦτο
1218 2300 1305 2374 οὕτω

214 2411 358 2506 νοήσεις·
381 2411 475 2501 ὅπερ,
497 2410 537 2482 τὰ
559 2407 643 2482 εἶναι’
657 2439 700 2500 με
722 2410 883 2484 νεώτατον
909 2417 977 2482 τῶν
996 2406 1158 2504 ἀδελφῶν,
1191 2409 1308 2498 irregi-

213 2537 329 2612 πεμψε
354 2529 413 2616 τῆς
440 2525 511 2614 γῆς,
543 2517 615 2594 ἀντὶ
643 2529 722 2594 τοῦ·
749 2528 846 2593 τοῦτο
874 2525 1001 2611 γέγονεν
1031 2520 1138 2592 αἴτιον
1164 2527 1224 2591 τοῦ
1255 2522 1307 2591 irs-

214 2635 411 2724 πεμφθῆναί
429 2659 481 2718 με.
524 2637 615 2702 Hune
635 2637 823 2704 seutentiam
843 2653 933 2704 suam
953 2636 1029 2704 feeit
1050 2636 1215 2704 Poreonus.
1249 2633 1306 2702 Os-

215 2745 281 2812 tere
309 2745 428 2812 scholia
461 2744 648 2830 plurimique
675 2742 831 2826 Euripidis
857 2745 1040 2828 interpretes
1065 2745 1112 2810 ita
1141 2743 1306 2828 expuerat,

216 2855 252 2918 ut
272 2847 292 2918 δ’
313 2855 396 2920 idom
418 2855 460 2920 eit
474 2853 557 2938 quod
574 2851 615 2917 δι’
630 2845 659 2917 δ’.
703 2853 747 2920 Ut
763 2853 870 2936 paucis
892 2853 975 2936 quod
994 2853 1095 2920 sentio
1110 2851 1306 2936 complentur,

214 2964 313 3030 altera
334 2963 499 3047 explicatio
527 2963 636 3030 eontra
664 2964 809 3030 naturam
832 2940 918 3028 r'orbi
939 2955 1178 3044 δπεκπέμπειν,
1211 2961 1310 3028 altera

215 3073 323 3138 oontra
348 3072 491 3138 Atticum
523 3069 688 3154 loquendi·
702 3089 800 3154 genus
830 3073 946 3154 peoost.
999 3073 1043 3138 At
1073 3071 1150 3139 dioit
1177 3071 1309 3138 Weilius

216 3198 277 3246 non
309 3181 458 3248 maiorem
489 3179 707 3246 difficultatem
739 3198 849 3262 parare
873 3182 955 3248 hano
985 3180 1183 3262 locutionem,
1215 3199 1309 3264 quum

217 3287 304 3354 ταῦτ’
326 3283 562 3373 ὑπεξέπεμψεν
588 3288 638 3354 vol
668 3285 701 3352 ui
728 3281 981 3374 ὕπεξέπεμψενς
1012 3291 1117 3356 tamen
1146 3307 1184 3356 no
1213 3307 1309 3356 unum

216 3399 342 3482 quesn
363 3399 536 3482 exemplum
558 3417 594 3464 ex
617 3398 724 3466 Attiou
745 3416 836 3481 prosa
859 3398 908 3464 rel
928 3417 964 3464 er
984 3397 1164 3482 tragoediae
1185 3397 1309 3483 dialogo

216 3507 329 3589 poterit
359 3508 512 3588 afferren,
554 3506 651 3573 Aliud
678 3507 782 3574 sutem
812 3507 858 3572 est
886 3499 916 3590 ὅ,
946 3506 1033 3574 uliud
1061 3495 1165 3572 ὃκαί.
1210 3506 1310 3590 Quem

218 3614 408 3684 locutionem
439 3616 544 3685 eodem
576 3615 667 3682 modo
700 3617 890 3698 usurparunt
916 3615 1017 3680 Attici
1044 3617 1217 3700 scriptores,
1249 3633 1310 3700 quo

216 3723 373 3791 Homerus
396 3727 521 3792 1'176:
544 3721 581 3790 τό
608 3722 661 3790 καὶ
682 3722 839 3791 κλαίουσα
858 3723 984 3810 τέτηκα,
1005 3725 1027 3790 i.
1050 3744 1075 3790 e.
1097 3743 1216 3806 semper
1237 3743 1311 3808 pen·

216 3832 270 3900 det
291 3833 457 3900 relativum
470 3854 491 3901 n
505 3835 598 3904 uerbo
619 3836 795 3904 transitivo.
829 3835 967 3918 Apparet
979 3833 1166 3902 hooPhosu.
1180 3833 1239 3900 154
1250 3851 1309 3918 sq.=

334 4003 414 4012 -ι-ο-ι--ι

320 4105 347 4170 ι]
366 4101 399 4158 ln
417 4103 527 4160 oentioo
544 4107 635 4160 mus
647 4105 797 4161 nlntivun
809 4102 858 4158 illo
869 4101 953 4158 modo
966 4105 1130 4172 unrpstum
1142 4100 1217 4172 opud
1226 4099 1311 4172 eope

218 4195 290 4254 Phil.
305 4201 369 4254 142:
388 4195 477 4273 νόμον
488 4202 585 4254 rrum
602 4207 630 4255 rt
646 4217 688 4256 σον
704 4199 796 4272 χρεὸν
813 4197 972 4270 ὑποιφγεῐνῑ
990 4199 1026 4254 td
1037 4213 1121 4268 quem
1134 4197 1224 4254 loonn
1236 4201 1311 4254 nete

220 4293 337 4352 sdnotot
353 4295 541 4354 sommum
559 4295 665 4352 diotrm
683 4313 742 4354 esre
761 4311 855 4366 „more
872 4295 977 4366 epioo“⁸
