3080 4960
792 387 828 440 70

264 559 347 642 λέγει
368 553 426 647 τήν
445 557 532 640 μίξιν
554 565 613 623 τοῦ
640 557 785 623 Θυέστου
806 553 868 642 τήν
887 553 971 640 μετὰ
991 559 1049 646 τῆς
1070 550 1172 623 αἰῖτοῦ
1194 553 1361 641 θυγατρὸς

265 665 467 746 Πελοπείας,
503 657 561 755 αἷμ’
588 651 626 755 ἧς
655 662 746 732 ἔτεκε
774 663 833 732 τὸν
861 660 1038 751 Αἴγισθον,
1071 662 1129 731 τὸν
1155 662 1271 749 μοιχὸν
1299 670 1361 752 τῆς

265 771 561 864 Κλυταιμνήστρας.
605 777 683 842 Ecce
705 778 877 860 quaesitam
892 777 1077 844 scholiastae
1092 766 1297 862 ἀποροῦντος
1310 777 1360 840 in·

264 886 532 970 terpretationcm!
574 885 653 952 Mihi
676 888 780 952 autem
802 905 982 969 persuasum
1006 887 1053 952 cst
1075 886 1244 969 significari
1265 904 1295 952 v.
1320 888 1360 951 16

263 995 445 1060 inimicitias
465 995 547 1060 inter
570 995 698 1060 Atreum
720 996 751 1059 et
773 994 938 1078 Thyestem
961 995 1089 1062 fratrem
1116 996 1246 1073 exortas,
1280 978 1360 1079 quae

264 1105 402 1171 versibus
425 1102 676 1170 antecedentibus
693 1103 815 1166 12-15
830 1101 1060 1168 deseribuntur:
1082 1102 1231 1186 sequitur,
1252 1102 1289 1167 ut
1303 1102 1360 1167 hos

264 1232 369 1280 versus
392 1213 558 1279 deleamus.
591 1211 752 1278 Accedunt
773 1212 854 1278 aliae
875 1231 986 1278 causae
1009 1231 1087 1296 quae
1110 1209 1267 1297 ἀθέτησιν
1287 1230 1361 1277 sua·

264 1324 348 1387 dent.
391 1323 456 1414 Est
469 1323 550 1387 cuim
574 1341 639 1387 mos
661 1321 819 1405 Euripidis
843 1323 973 1387 naturae
1000 1340 1100 1387 rerum
1128 1321 1360 1401 consentaneus,

264 1431 309 1509 ut,
344 1429 398 1497 uhi
420 1430 453 1494 in
473 1431 611 1513 prologis
633 1448 730 1514 genus
752 1448 898 1512 personae
920 1431 959 1495 ab
981 1429 1048 1494 avis
1073 1430 1193 1513 repetit,
1227 1429 1361 1495 maiores

266 1559 359 1622 qoam
382 1539 539 1604 celerrime
560 1540 729 1622 percurrat.
768 1538 846 1604 Vide
868 1537 934 1620 Iph.
951 1538 1044 1604 Taur.
1060 1538 1102 1604 in.
1129 1539 1216 1604 Aeol.
1233 1539 1293 1622 lrg.
1306 1539 1362 1602 14:

258 1643 375 1733 Ἕλλην
395 1642 464 1731 γὰρ,
489 1641 533 1724 ὡς
555 1645 691 1731 λέγουσι,
718 1645 857 1729 γίγνεται
879 1640 968 1724 Διός,
991 1647 1050 1711 τοῦ
1075 1646 1103 1713 δ’
1120 1639 1251 1722 Αἴολος
1271 1637 1382 1730 acics

266 1750 397 1820 Αἰόλον
420 1755 456 1819 δὲ
477 1754 622 1840 Σίσυφος
635 1744 787 1836 Ἀθάμας
807 1778 852 1821 τε.
876 1753 922 1820 Of.
938 1756 1096 1838 praeterea
1107 1755 1230 1821 Heracl.
1243 1755 1303 1819 207
1314 1773 1360 1838 sq.

265 1866 296 1930 et
317 1865 476 1947 parodiam
500 1865 759 1947 Aristophaneam
781 1865 915 1930 Acharn.
937 1865 977 1928 47
989 1884 1033 1947 sq.
1071 1863 1130 1945 Qui
1153 1882 1223 1930 vero
1246 1864 1362 1929 eristu-

265 1974 330 2038 mat
355 1973 410 2038 hos
436 1992 541 2038 versus
567 1973 644 2037 benc
666 1973 795 2054 scriptos
822 1975 852 2066 et
874 1973 1024 2055 Euripide
1046 1972 1156 2056 dignos
1179 1992 1251 2054 esse,
1286 1971 1362 2055 quid

266 2080 418 2146 Graecum
432 2081 482 2160 sit,
505 2082 613 2147 nescit.
646 2081 740 2146 Iuvat
753 2081 877 2164 singula
893 2099 1076 2162 percensere.
1105 2081 1208 2146 Verba
1223 2063 1250 2165 ᾦ
1264 2077 1362 2161 στέμ-

141 2279 145 2286 .
266 2195 357 2272 ματα
374 2183 494 2271 ξήνασα
510 2188 642 2254 Weilius
663 2189 708 2253 sic
730 2189 877 2271 explicat:
903 2209 958 2269 „eu
976 2189 1072 2270 filant
1092 2189 1125 2254 lo
1146 2195 1245 2255 trouve
1266 2190 1305 2254 de
1323 2209 1362 2254 so

265 2301 342 2364 oid‘.
372 2299 417 2362 At
439 2298 492 2380 qui
514 2298 616 2378 potest
635 2315 772 2380 uuquam
795 2295 921 2379 στέμμα
936 2297 1018 2362 idem
1033 2297 1195 2380 essequod
1212 2296 1361 2378 „filum“?

266 2408 302 2472 Id
325 2408 428 2490 potius
451 2425 569 2488 semper
595 2407 762 2490 significat,
797 2408 878 2490 quod
908 2408 1045 2473 circum
1068 2406 1187 2490 aliquid
1216 2405 1361 2471 nectitur.

264 2515 375 2581 Melius
408 2517 489 2581 certe
521 2516 742 2598 interpretatus
776 2518 843 2583 erat
871 2517 927 2582 hoc
957 2515 1143 2582 vocabulum
1176 2515 1360 2581 scholiasta:

263 2620 321 2688 τόν
343 2626 401 2710 τῆς
421 2614 522 2709 ἀρχῆς
543 2623 713 2710 στέφανον.
744 2626 788 2689 At
811 2626 885 2690 haec
907 2608 992 2690 notio
1014 2626 1045 2689 et
1066 2623 1249 2706 Euripideae
1262 2623 1357 2689 aetat·

265 2734 297 2800 et
321 2733 428 2798 multis
450 2736 519 2816 post
543 2751 612 2797 eum
633 2734 894 2816 socordis-ignota
917 2734 1000 2814 erat3
1030 2733 1166 2798 multum
1191 2731 1273 2814 apud
1296 2732 1360 2815 By·

264 2842 406 2908 nantinus
427 2839 553 2923 στέμμα
567 2840 728 2922 βασιλέως
743 2843 1047 2919 commemoratur1).
1072 2841 1235 2924 Euripides
1255 2842 1358 2905 eutem

263 2968 324 3013 non
345 2950 434 3014 novit
453 2949 513 3013 nisi
535 2949 590 3014 has
613 2947 800 3034 notiones²):
825 2951 858 3022 1)
882 2950 1040 3015 vinculum
1056 2948 1150 3015 alicui
1167 2948 1211 3016 rei
1227 2949 1359 3013 circum·

263 3059 373 3124 datum
395 3057 473 3139 (lon.
496 3057 567 3120 224.
594 3059 683 3124 1338.
709 3059 815 3140 1389);
839 3061 872 3139 2)
897 3077 1024 3124 coronas
1047 3059 1222 3142 supplicum
1239 3057 1357 3140 (Suppl.

263 3170 313 3233 36.
336 3168 408 3232 470.
430 3167 528 3232 Andr.
551 3167 643 3247 894);
679 3165 714 3250 3)
743 3186 872 3233 coronas
902 3166 1099 3234 sacerdotum
1123 3167 1276 3251 deumque
1299 3168 1359 3232 mi·

265 3277 434 3341 histrorum
466 3276 544 3352 (Ion.
569 3277 639 3340 522.
672 3276 1010 3342 Recenseamus.
1038 3276 1123 3342 Plut.
1146 3277 1246 3359 39³)).
1288 3277 1364 3360 Iure¹

265 3385 369 3450 cirtem
394 3384 583 3467 vituperavit
604 3385 790 3469 Hartungus
811 3385 952 3466 editores,
978 3385 1060 3468 quod
1081 3380 1273 3451 sedelocus
1295 3405 1360 3451 esso

263 3492 327 3557 illis
340 3493 511 3558 videretur:
535 3513 633 3576 neque
654 3494 736 3560 enim
752 3513 840 3560 nosse
859 3494 1039 3578 Euripidem
1052 3494 1167 3560 Parcas
1189 3493 1243 3560 fila
1263 3494 1359 3559 dedu·

264 3601 375 3666 centes.
418 3600 577 3681 Quantum
611 3622 681 3668 vero
713 3603 854 3687 equidem
888 3621 924 3668 er
956 3603 1032 3668 locis
1065 3601 1188 3670 collatis
1218 3603 1359 3685 cognovi,

263 3710 380 3776 Parcae
401 3709 483 3794 apud
505 3709 683 3793 Euripidem
706 3712 762 3776 aut
784 3711 824 3776 ad
848 3712 972 3794 partum
993 3713 1049 3776 aut
1076 3712 1117 3777 ad
1138 3714 1270 3777 mortem
1291 3719 1360 3795 pet·

262 3817 378 3898 tinent3
414 3819 453 3886 cl.
482 3819 550 3902 Iph.
578 3819 671 3885 Taur.
704 3819 765 3884 206
793 3838 854 3902 sq.:
892 3812 1027 3899 λόχιαι
1056 3819 1191 3905 (Herm.)
1224 3815 1361 3904 στερρὰν

367 4087 392 4156 1)
413 4087 454 4142 cf.
473 4087 608 4144 Godinum
627 4089 661 4145 de
679 4089 725 4144 off.
743 4090 799 4160 pel.
818 4107 845 4160 p.
865 4091 908 4158 50,
928 4092 944 4144 8
964 4089 1049 4145 Behk.

363 4184 393 4256 2)
412 4183 526 4256 Semper
543 4187 648 4256 plurali
665 4204 781 4242 numero
800 4186 898 4242 utitur.

363 4281 390 4352 3)
409 4280 499 4338 Locus
519 4284 669 4339 secundum
687 4283 771 4340 schol.
791 4301 825 4338 ex
842 4282 979 4354 Euripide
997 4285 1112 4354 petitus.
