3080 4960
761 434 794 488 12

227 603 352 689 ingenio
377 605 409 671 et
434 605 548 672 notura
575 605 774 690 prologorum
795 603 966 688 prolectam
992 622 1066 683 esse,
1101 603 1155 714 obi
1184 603 1222 670 de
1255 603 1323 668 orto

228 711 464 795 disputabimus,
486 713 655 796 apparebit

507 891 537 956 3.
580 887 631 953 De
652 885 851 972 Hippolyti
873 887 1041 972 prologo.

330 1038 494 1123 Hippolyti
523 1037 663 1104 fabulam
690 1037 811 1104 duabus
838 1037 980 1104 constare
1008 1037 1159 1121 partibus,
1192 1056 1324 1122 quarum
1442 1032 1449 1048 '

228 1148 329 1215 altera
355 1145 678 1232 (sequestrate)
705 1144 874 1224 Phaedrae,
908 1145 1006 1212 altera
1031 1144 1194 1231 Hippolyti
1223 1146 1323 1213 latum

229 1256 396 1340 contineat,
425 1273 517 1324 nemo
545 1254 663 1338 poterit
689 1272 812 1338 negare.
855 1255 992 1322 Tantum
1021 1255 1124 1322 autom
1152 1254 1254 1336 abest,
1287 1256 1324 1321 ιιι

227 1367 309 1432 hano
330 1364 626 1432 oontaminationom
648 1383 718 1430 oum
741 1363 820 1429 artis
840 1363 962 1447 legibus
982 1383 1120 1447 pugnero
1143 1364 1256 1444 dioam,
1288 1365 1324 1430 ut
1341 1420 1343 1424 .

227 1493 353 1560 prorsus
375 1473 566 1540 eonsentiam
589 1491 660 1539 oum
672 1472 881 1555 Aristophane
901 1472 1064 1556 Byzantio,
1086 1473 1140 1556 qui
1156 1473 1238 1540 hano
1257 1473 1323 1540 tru-

228 1583 372 1669 goediam
392 1582 460 1647 noio
480 1573 625 1664 apriano
645 1579 791 1666 appellat.
834 1579 926 1648 Furit
949 1579 1031 1647 enim
1053 1580 1195 1649 Phaedra
1219 1591 1324 1648 amoro

228 1691 406 1776 Hippolyti:
428 1690 622 1775 repudiatur:
644 1689 776 1756 mortem
798 1689 858 1756 sibi
879 1689 1055 1756 oonsoisoit:
1085 1689 1221 1756 moriens
1242 1689 1323 1774 Hip·

227 1799 369 1885 polytum
395 1818 499 1866 seeum
525 1799 559 1865 in
584 1797 752 1882 pornioiem
769 1798 879 1866 trabit.
922 1799 1016 1866 Vides
1037 1817 1132 1884 quam
1154 1799 1222 1865 arto
1243 1798 1323 1866 duae

228 1909 353 1977 fabulae
371 1909 474 1993 partes
494 1908 576 1974 lnior
597 1927 630 1975 se
651 1925 782 1974 oonemo
803 1908 881 1974 sint:
918 1908 1003 1991 prior
1021 1895 1116 1974 eausa
1135 1908 1167 1974 et
1185 1907 1255 1974 fons
1275 1908 1323 1974 est

229 2017 415 2103 posterioris.
438 2016 522 2083 Huio
539 2018 643 2082 autem
665 2015 818 2082 dramatis
839 2016 1079 2082 oonformationi
1101 2000 1222 2100 egregio
1234 2033 1323 2099 prae·

194 2201 197 2208 ,
227 2109 310 2195 ludit
324 2122 479 2210 prologus,
501 2124 567 2204 aut,
589 2124 626 2191 ut
640 2124 751 2192 molius
764 2123 879 2203 dioam,
894 2123 997 2190 media
1012 2124 1134 2209 prologi
1147 2143 1229 2209 pars,
1244 2143 1323 2208 quae
1384 2177 1387 2180 .

229 2233 367 2302 eontinet
387 2254 417 2300 v.
439 2233 553 2300 9-50.
594 2233 687 2300 Hane
715 2233 816 2316 ipsam
844 2232 1035 2316 tripertitam
1064 2252 1128 2300 osse
1152 2234 1244 2301 fooile
1260 2217 1324 2301 'oo-

228 2343 360 2429 gnosois.
383 2342 531 2410 Versibus
552 2342 635 2408 enim
649 2343 754 2408 9-19
768 2339 873 2410 Venus
887 2342 1023 2418 onomat,
1045 2343 1233 2427 quantopere
1243 2343 1324 2427 Hip·

229 2452 353 2537 polytus
374 2469 406 2517 se
426 2450 582 2535 neglegat,
603 2450 739 2517 Dianam
753 2451 852 2528 oolut;
873 2450 1012 2519 versibus
1024 2452 1322 2519 20-2ssoonsilium

228 2560 392 2646 Hippolyti
413 2559 580 2626 uloisoendi
594 2559 708 2642 prodit,
731 2579 825 2644 quam
849 2559 998 2627 ultionem
1020 2560 1084 2627 ism
1107 2560 1162 2627 diu
1182 2581 1214 2628 se
1234 2580 1323 2645 prae·

229 2689 353 2756 parasse
373 2669 459 2738 dioit.
502 2667 584 2750 Quid
608 2668 713 2734 autem
734 2669 816 2735 hano
837 2669 876 2736 ob
895 2687 1021 2736 oausam
1039 2669 1151 2737 molita
1172 2670 1222 2751 sit,
1252 2670 1273 2737 i.
1296 2689 1321 2736 o.
1410 2717 1412 2722 -
1535 2661 1536 2734 ἶ

228 2780 389 2846 Phaedrae
409 2798 555 2858 amorem,
577 2779 667 2844 dooet
691 2778 829 2844 uorsibus
848 2779 972 2845 24-39
982 2777 1015 2863 ¹).
1046 2779 1115 2846 Iam
1130 2780 1215 2846 vides
1230 2781 1322 2848 Husi-

229 2887 330 2972 pidem
352 2888 518 2971 prudenter
539 2888 633 2953 etiam
655 2887 689 2952 in
710 2888 838 2971 prologo
854 2887 944 2954 rebus
960 2888 1119 2954 Phaedrae
1134 2907 1204 2955 eum
1219 2889 1320 2955 looum

228 2997 383 3076 tribuisse,
415 3016 506 3082 quem
533 2997 563 3063 in
594 2996 755 3081 tragoedia
781 2997 864 3080 ipsas
890 2997 1001 3063 habere
1028 2997 1137 3076 voluit,
1170 2998 1206 3063 ut
1229 3017 1322 3065 eausa

229 3107 330 3174 omont
344 3107 435 3174 exitio
450 3106 624 3190 Hippolyti.
662 3107 740 3174 Ham
763 3108 802 3174 ob
818 3126 882 3172 rom
897 3106 1090 3190 tragoediam
1105 3106 1244 3173 nostram
1259 3125 1322 3173 non

232 3213 385 3297 Φαίδραν,
415 3198 473 3282 sod
493 3209 689 3282 Ἱππόλυτον
714 3217 893 3300 appellavit.
936 3215 1111 3293 Praofixum
1144 3216 1249 3282 autem
1276 3215 1323 3282 est

230 3322 358 3408 prologo
385 3325 542 3392 exordium
574 3325 617 3408 (v.
642 3327 753 3407 1—8),
792 3345 854 3412 quo
882 3327 987 3393 Venus
1019 3326 1205 3410 potestatem
1234 3343 1321 3392 suom

230 3433 399 3516 praedicat,
420 3433 558 3502 subiecta
577 3437 624 3501 est
643 3434 799 3502 oonolusio
825 3435 868 3521 (v.
891 3434 1043 3522 51-57),
1078 3455 1140 3519 qua
1160 3435 1324 3521 Hippolyti

230 3542 399 3610 adventum
420 3543 554 3610 nuntiat.
589 3581 625 3592 —-
659 3544 707 3611 llo
727 3545 1018 3629 interpolationibus
1039 3545 1129 3612 huius
1150 3547 1271 3630 prologi
1294 3551 1325 3612 st

229 3653 311 3718 reete
333 3654 364 3718 st
384 3653 475 3718 aouts
495 3652 667 3735 disputavit
690 3653 869 3718 Wheelerus
895 3653 916 3720 l.
936 3651 957 3718 l.
981 3673 1010 3736 p.
1033 3654 1167 3735 44-48,
1199 3655 1323 3738 quibis

229 3761 368 3826 versibus
389 3761 513 3828 obelum
537 3761 692 3844 praefinit:
728 3763 862 3826 29-33.
885 3763 935 3828 37.
958 3764 1008 3828 40.
1029 3763 1164 3830 42-46.
1188 3765 1321 3830 48-50.

229 3870 279 3936 56.
302 3871 352 3936 57.
398 3871 499 3937 Velim
528 3889 565 3936 no
594 3871 740 3955 neglegas
768 3871 882 3937 iterum
910 3871 944 3936 in
973 3891 1064 3938 versu
1094 3873 1261 3939 subditicio
1282 3873 1323 3937 48

229 3995 397 4060 pronomen
418 3972 474 4045 ὅδε
497 3981 605 4046 eontra
627 3998 743 4045 morem
765 3979 966 4062 Euripideum
995 3983 1148 4064 usurpari.
1191 3981 1250 4048 Sed
1277 3981 1322 4046 ni·

183 4095 185 4104 '
229 4086 288 4154 mis
309 4088 420 4155 oautus
446 4089 506 4154 luit
529 4087 709 4156 Wheolerus
730 4089 763 4154 in
785 4107 814 4154 y.
836 4089 887 4153 41.
912 4077 952 4154 47
975 4090 1116 4174 Euripidi
1141 4089 1321 4157 abiudioan·

230 4241 426 4252 *au-uuna·—

331 4325 357 4394 1)
376 4324 419 4381 De
435 4343 462 4382 s.
481 4321 588 4382 40-50
606 4326 672 4384 side
689 4325 770 4382 inira.

819 4479 826 4520 l
