3080 4960
535 1010 714 1064 ADDENDA
733 1010 780 1064 ΕΤ
800 1010 1036 1066 CORRIGENDA

344 1179 419 1234 Inter
437 1181 577 1250 ingentem
597 1169 858 1252 scriptiuneuierum
881 1189 909 1237 et
930 1182 1153 1237 observationum
1172 1181 1334 1251 Euripideu-

245 1292 306 1328 rum
324 1276 424 1330 molem
443 1278 518 1345 quod
535 1279 680 1332 nonnullae
695 1297 738 1332 me
751 1279 891 1349 fugerunt,
910 1295 992 1335 nemo
1005 1282 1073 1346 puto
1087 1277 1234 1332 mirabitur
1246 1293 1335 1347 neque

245 1373 313 1426 mihi
332 1375 476 1427 irascetur.
514 1375 588 1429 Haee
613 1376 648 1428 ab
672 1375 732 1428 aliis
755 1379 957 1444 praeoccupata
982 1392 1040 1429 eure
1058 1391 1121 1428 nero
1139 1373 1334 1429 animadverti:

244 1469 286 1522 El.
307 1472 339 1524 10
360 1469 460 1524 delevit
479 1472 521 1525 W.
542 1474 573 1525 A.
593 1471 624 1525 Ε.
642 1489 667 1540 p.
686 1473 738 1526 206
758 1470 804 1541 (cf.
823 1471 849 1525 b.
868 1471 885 1525 l.
904 1489 931 1540 p.
951 1473 984 1525 51
1000 1469 1064 1540 eq.).
1095 1500 1126 1510 —
1154 1470 1197 1524 El.
1217 1473 1250 1524 27
1270 1474 1336 1525 ente

245 1586 288 1622 me
306 1568 338 1622 ei.
360 1563 439 1627 αὐτός
456 1568 503 1638 (ef.
523 1567 549 1621 h.
568 1568 584 1621 l.
604 1585 630 1637 p.
650 1569 696 1636 53)
717 1567 907 1622 Witzeeheiiuu
924 1567 1053 1624 Zeitechr.
1071 1567 1092 1634 f.
1111 1567 1142 1620 d.
1157 1567 1336 1624 21³erae

244 1683 272 1735 p.
290 1667 355 1734 6443
373 1665 408 1720 ef.
427 1664 524 1719 Vitelli
542 1665 616 1735 App.
633 1665 694 1720 erit.
713 1683 739 1734 p.
759 1666 793 1718 76
810 1664 874 1719 adn.
896 1667 918 1716 1.

344 1762 416 1815 Dum
435 1761 488 1816 hoc
507 1761 669 1833 opuseulum
689 1762 761 1830 typis
781 1761 954 1830 exprimitur,
974 1761 1085 1814 Bonnee
1103 1761 1267 1830 prodierunt
1280 1761 1335 1814 Lu·

247 1858 336 1914 devini
358 1853 517 1912 Enihoveni
542 1857 598 1918 „De
621 1858 686 1911 lene
710 1845 804 1912 Pabula
822 1857 973 1926 Euripiden
997 1857 1170 1926 quaestiones
1195 1857 1336 1922 selectee“‚

246 1955 347 2024 quibus
365 1956 408 2008 uti
426 1972 482 2010 non
500 1956 700 2025 impeterem.
729 1954 898 2023 Magnopere
911 1955 1023 2023 gavisus
1036 1970 1104 2021 sum,
1125 1953 1198 2022 quod
1211 1953 1245 2006 iis
1258 1953 1336 2022 loeis,

246 2068 316 2121 quos
335 2052 623 2120 ambo-tractavimus,
653 2051 730 2104 illum
757 2031 861 2103 sunimu
883 2051 911 2103 in
931 2067 961 2103 re
980 2067 1085 2103 mecum
1105 2050 1249 2104 facientem
1268 2049 1338 2104 vidi.

246 2147 286 2202 Of.
306 2147 386 2201 velim
405 2147 562 2203 Enthoveni
580 2166 606 2216 p.
627 2150 659 2200 32
679 2147 743 2199 adn.
761 2148 777 2198 2
796 2163 858 2200 eum
878 2145 904 2198 h.
922 2145 939 2198 l.
959 2164 985 2213 p.
999 2145 1033 2197 43
1046 2147 1074 2198 ei
1086 2145 1148 2199 adn.
1164 2149 1190 2213 13
1211 2163 1238 2216 p.
1250 2147 1284 2200 46
1296 2164 1336 2216 eq.

155 2281 158 2288 ·
247 2263 309 2300 eum
327 2245 354 2299 h.
375 2245 393 2297 l.
410 2263 436 2314 p.
454 2247 488 2298 58
506 2243 569 2298 adn.
587 2245 617 2312 23
636 2261 663 2312 p.
683 2243 717 2295 56
737 2260 775 2311 sq.
794 2259 858 2296 cum
876 2240 901 2295 h.
920 2242 937 2295 1.
958 2259 983 2311 p.
1003 2242 1038 2293 42
1057 2240 1119 2295 edu.
1138 2243 1163 2294 2.

344 2360 372 2411 p.
391 2345 424 2396 32
444 2359 469 2394 v.
488 2343 504 2394 7
522 2341 584 2410 lege
603 2337 707 2409 pendet
724 2355 775 2408 pro
792 2319 905 2406 ponder.

346 2457 372 2508 p.
392 2439 426 2490 57
446 2436 506 2491 udn.
525 2439 541 2490 3
559 2437 619 2507 lege
636 2429 729 2507 γάμου
746 2452 796 2506 pro
817 2430 925 2506 γάμων.

344 2554 371 2606 p.
391 2536 424 2588 58
443 2533 506 2588 adn.
525 2535 543 2586 2
561 2551 585 2587 v.
606 2533 639 2586 10
657 2531 718 2602 lege
737 2534 788 2585 661
809 2548 860 2601 pro
879 2533 941 2585 660.

344 2650 370 2702 p.
391 2633 425 2684 64
444 2648 470 2685 v.
488 2631 522 2683 28
544 2631 604 2699 lege
623 2628 697 2698 quod
716 2645 766 2696 pro
785 2646 850 2699 quo.

344 2748 370 2798 p.
391 2731 424 2782 75
448 2747 474 2782 v.
494 2729 526 2780 12
546 2726 608 2798 lege
627 2726 795 2782 Wunkliniue
812 2744 863 2795 pro
882 2725 1059 2780 Weckliniue.
