3080 4960
738 417 771 472 61

208 589 357 655 honorare
370 589 534 654 constitnit
548 587 590 670 (v.
603 587 751 667 61-66),
774 603 914 651 esocena
929 585 1006 650 abit.
1028 621 1067 686 ᾗ·
1090 585 1157 650 Iam
1171 585 1305 667 primum

208 698 318 764 haereo
336 697 370 764 in
385 697 564 764 Calchantis
587 697 696 774 verbis,
720 697 834 779 quihus
849 691 1086 778 Agamemnoni,
1108 694 1144 758 ut
1164 692 1304 760 immolet

209 807 415 894 Iphigeniam,
437 807 585 889 imperat:

310 941 348 1008 17
391 927 418 1006 ὦ
439 941 529 1030 τῆσδ’
553 931 704 1008 άνάσσων
722 935 876 1019 Ἑλλάδος
897 937 1098 1025 στρατηγίας,

390 1042 604 1136 Ἀγάμεμνον,
632 1043 675 1116 ου’
696 1045 740 1140 μὴ
763 1051 842 1129 ναῦς
862 1047 1078 1137 ἀφορμίσηςῑ)
1099 1042 1231 1128 χθονός,

392 1159 472 1241 πρὶν
492 1153 533 1224 riis
553 1155 652 1247 κόρην
671 1155 731 1248 σὴν
753 1151 936 1246 Ἰφιγένειαν
949 1147 1109 1239 ’Ἄρτεμις

310 1271 351 1334 20
392 1262 475 1356 λάβῃ
496 1273 694 1357 σφαγεῖσαν·
719 1263 747 1348 ii,
768 1291 801 1333 τι
821 1263 880 1352 γάρ
904 1260 1050 1343 ἐνιαυτός
1071 1265 1158 1330 τέκοι

393 1373 566 1467 κάλλιστον
587 1367 673 1464 ηίξω
695 1371 868 1466 φωσφόρῳ
891 1371 1008 1442 elaea
1029 1380 1109 1466 θεᾷ·

391 1486 483 1560 παῖδ’
505 1473 566 1554 σάν
587 1485 621 1552 ἐν
643 1481 746 1565 οἴκοις
768 1482 808 1574 οη
834 1479 1104 1573 Κλυταιμνήστρα
1126 1482 1231 1569 δάμαρ

312 1647 318 1654 .
392 1595 509 1661 τίκτει·
531 1592 570 1661 τά
592 1595 794 1662 καλλιστεῖον
816 1591 864 1673 τίς
886 1589 936 1676 ἔμ’
958 1586 1143 1682 άναφὲρων·

394 1694 432 1792 ἣν
452 1698 512 1792 χρή
536 1726 574 1770 σε
596 1707 707 1770 θῦσαι.

213 1837 251 1902 V.
270 1838 308 1903 17
330 1856 435 1903 omnes
456 1857 527 1904 curn
550 1838 636 1903 Fixio
656 1837 701 1902 aio
721 1836 923 1920 intellegunt:
946 1836 993 1917 „0
1016 1838 1069 1920 qui
1090 1838 1181 1903 huius
1196 1837 1308 1904 Graeci

211 1945 361 2012 exercitus
390 1947 552 2030 imperium
583 1949 699 2013 iones.“
747 1946 977 2029 necunquam
1007 1945 1190 2034 στρατηγία1
1211 1966 1308 2030 neque

213 2045 295 2137 apud
318 2055 496 2139 Euripidem
518 2075 615 2140 neque
637 2056 719 2139 apud
741 2059 857 2122 ceteros
877 2055 1040 2138 scriptores
1062 2055 1108 2120 ita
1131 2057 1307 2141 usurpatur,

212 2165 248 2230 nt
272 2164 475 2244 „exercitum“
499 2164 667 2248 significem
689 2184 806 2248 semper
828 2165 875 2230 est
898 2183 1028 2246 „munus
1042 2164 1305 2248 imperatorium.“

214 2271 259 2338 Of.
282 2272 381 2338 Andr.
404 2273 481 2338 678:
516 2268 575 2360 τὴν
595 2274 624 2339 d‘
647 2269 725 2363 ε’μην
747 2273 940 2360 στρατηγίαν
960 2273 1061 2358 λέγων
1090 2269 1140 2356 ἔμ’
1164 2265 1309 2361 ιάφελοῖς

215 2375 255 2445 ἂν
276 2375 298 2468 ἢ
318 2383 418 2465 σιγῶν
439 2380 550 2447 πλέον.
572 2383 612 2449 ib.
636 2385 706 2448 704.
750 2383 784 2450 Si
809 2402 881 2449 vero
909 2381 1084 2468 στρατηγία
1110 2383 1192 2448 iusto
1218 2381 1333 2448 modo·
1389 2363 1398 2376 ⁸

213 2491 396 2573 usurpatum
420 2491 525 2570 sumis,
559 2491 620 2556 dici
644 2509 704 2556 non
728 2492 837 2574 potest,
870 2493 1023 2573 qnantum
1045 2492 1216 2576 langueant
1235 2485 1309 2555 ‘El-

213 2592 311 2676 λάόος
332 2599 363 2664 et
383 2597 495 2683 τῆσδε.
539 2595 616 2664 (inm
638 2599 741 2664 autern
761 2619 867 2664 versus
886 2601 1078 2684 corruptelae
1098 2601 1228 2683 speciem
1245 2618 1305 2664 non

212 2706 366 2789 praebeat,
400 2704 541 2789 equidem
567 2705 780 2788 interpolatori
810 2707 956 2786 tribuam,
990 2709 1043 2790 qui
1065 2706 1307 2791 Agamemnonis

213 2805 429 2904 ἀποστροφὴν
455 2815 559 2898 paullo
587 2814 767 2898 ampliorem
794 2816 920 2882 reddere
951 2816 1094 2894 voluerit,
1126 2817 1306 2900 praesertim

214 2942 284 2990 cunr
306 2925 400 2991 etiam
423 2925 495 2991 aliis
516 2925 737 2991 additamentis
760 2926 839 2991 hanc
861 2925 1040 2992 Calchantis
1066 2927 1238 2992 orationem
1261 2925 1309 2990 di·

213 3033 314 3098 tatam
341 3051 406 3098 esse
431 3033 643 3098 intellexerim.
697 3032 858 3098 Postrema
890 3035 972 3099 enirn
1003 3027 1096 3100 verba
1129 3034 1193 3098 eius
1226 3033 1308 3116 quod

214 3141 297 3206 viros
318 3141 426 3207 doctos
448 3161 509 3207 non
537 3141 738 3220 offenderunt,
770 3143 846 3208 satis
873 3143 1050 3208 mirandum
1078 3143 1133 3208 est.
1177 3141 1308 3206 Plenius

215 3249 349 3334 quidem,
382 3251 445 3332 qni,
476 3256 628 3334 quantum
657 3251 730 3327 scio,
762 3269 842 3315 unua
865 3251 1087 3333 interpretatus
1113 3247 1201 3334 θεολ),
1233 3232 1309 3318 haec

215 3359 308 3424 dicit:
345 3362 609 3443 Agamemnonem
637 3360 692 3425 illo
719 3378 811 3436 anno,
844 3378 904 3442 quo
932 3363 1005 3425 nata
1030 3361 1109 3426 osset
1135 3361 1307 3445 Iphigenia,

216 3469 335 3534 vovisse
358 3468 478 3534 Dianae
500 3487 531 3533 se
553 3467 793 3550 pulcherrimum
815 3468 880 3533 eius
901 3469 976 3534 anni
998 3469 1122 3552 partum
1137 3488 1202 3536 osse
1216 3471 1310 3536 seori·

215 3575 397 3652 docturum
418 3579 532 3661 postea,
555 3595 625 3641 cum
640 3577 705 3642 voti
719 3577 882 3644 immemor
896 3577 1015 3659 luisset,
1030 3577 1118 3644 deam
1132 3577 1310 3646 Calchantis

215 3705 267 3753 ore
288 3705 411 3752 sacrum
433 3687 614 3770 poposcisse.
659 3686 754 3752 Recte
773 3687 836 3766 ille,
871 3685 945 3771 quid
967 3687 1037 3754 istis
1061 3688 1161 3754 verbis
1187 3689 1310 3756 subesse

216 3797 307 3878 poeta
332 3796 471 3872 voluerit,
506 3795 645 3878 erponit3
679 3796 783 3862 tamen
809 3797 869 3862 nisi
895 3795 1036 3864 adhibita
1061 3797 1254 3864 divinatione
1275 3818 1310 3864 ex
1388 3791 1398 3810 '

318 4125 346 4194 1)
364 4124 426 4180 Non
444 4124 552 4194 dubito,
581 4125 649 4196 quin
672 4125 712 4180 sio
731 4143 793 4182 oum
812 4125 846 4180 Κ.
867 4125 1013 4198 legendum
1031 4124 1069 4180 ait
1086 4141 1138 4196 pro
1156 4119 1310 4198 ιἰφορμίση.

217 4221 258 4278 (li.
278 4215 440 4293 συνώνυμον
459 4221 574 4277 verbum
592 4223 741 4296 ἐξορμίζειν
758 4222 819 4280 Hel.
840 4221 918 4278 1247.

316 4319 344 4388 a)
363 4318 565 4388 Prellenl’lew,
583 4318 689 4376 θνίιολι.
708 4319 878 4392 Μγίλοίορίι
896 4319 921 4373 11
940 4337 968 4394 p.
986 4319 1046 4374 dra.
