3080 4960
770 446 805 500 80

241 620 356 703 gendos
386 635 450 682 esse
477 617 581 699 aperte
609 615 727 682 indicat
751 633 920 698 pronomen
941 637 989 680 νιν
1011 605 1110 691 οὗτός
1130 632 1158 679 v.
1181 613 1221 676 32
1231 615 1264 688 ¹).
1294 645 1335 659 -

241 727 309 790 Iam
331 725 420 790 finita
442 725 488 790 est
510 744 544 790 ea
567 723 688 807 prologi
707 742 787 806 pars,
803 736 889 806 'quae
903 739 1033 804 poenam
1047 740 1188 786 sororum
1202 721 1335 787 Semeles

243 836 380 910 enarrat3
426 833 477 899 sed
510 833 700 916 superatiditi
738 833 811 898 sunt
842 832 931 915 quasi
967 831 1106 896 clausula
1142 851 1171 895 v.
1199 830 1334 896 39-42.

242 943 357 1011 Statim
380 943 467 1008 nobis
494 942 626 1025 suspicio
652 941 800 1021 oboritur,
832 940 914 1022 quod
942 941 1052 1005 horum
1074 958 1218 1005 versuum
1240 957 1336 1020 argn-

243 1052 380 1119 mentum
402 1053 447 1118 ita
472 1052 684 1135 comparatum
708 1053 763 1129 est,
787 1051 823 1116 ut
846 1050 974 1115 mavelis
996 1049 1029 1114 in
1050 1048 1112 1114 fine
1134 1048 1232 1114 totius
1246 1066 1336 1112 enar·

241 1161 372 1228 rationis
401 1161 502 1243 legere
533 1161 564 1227 et
593 1178 733 1225 sororum
763 1158 895 1224 Semeles
927 1160 959 1223 et
991 1157 1122 1223 Penthei
1154 1156 1336 1222 criminibus

241 1267 408 1353 poenisque
436 1268 591 1352 expositis.
644 1269 690 1334 At
720 1267 766 1334 ibi
795 1269 887 1333 verba
917 1268 1080 1348 babemm,
1119 1284 1198 1348 quae
1229 1266 1335 1347 aptam

183 1441 188 1454 ,
242 1375 380 1442 efficiant
401 1375 589 1442 clausulam:

400 1508 441 1573 47
486 1492 531 1572 ὦν
552 1503 655 1573 οὕνεκ’
676 1506 764 1594 αὐτῷ
785 1503 868 1584 θεὸς
888 1501 988 1592 γεγώς
1010 1505 1190 1591 ἐνδείξομαι

484 1616 604 1683 πᾶσίν
624 1641 664 1682 τε
688 1616 932 1702 Θηβαίοισιν·

243 1771 373 1837 quorum
395 1754 471 1818 haec
488 1753 599 1818 nostra
622 1752 695 1816 sunt
717 1751 917 1833 amplificatio
941 1749 1033 1816 laude
1053 1769 1114 1814 non
1129 1750 1234 1833 digna.
1266 1750 1336 1815 Duo

242 1863 323 1929 enim
345 1862 503 1927 continent
526 1861 749 1944 complementa
772 1860 975 1942 ineptissima,
998 1878 1129 1942 quorum
1144 1859 1275 1924 alterum
1291 1860 1337 1924 est

242 1967 293 2037 κεί
313 1970 357 2059 μὴ
377 1969 471 2036 θέλει
492 1991 521 2036 u.
541 1971 591 2035 39.
635 1971 686 2033 An
707 1970 872 2051 quisquam
895 1969 989 2034 etiam
1011 1987 1067 2033 sua
1088 1968 1194 2050 sponte
1214 1963 1338 2031 παθών

242 2074 428 2162 μανθάνειν
470 2077 529 2145 Sed
559 2078 661 2144 voluit
692 2078 792 2160 poeta,
827 2077 991 2160 postquam
1014 2097 1043 2141 v.
1066 2077 1106 2140 39
1126 2076 1259 2158 scripsit,
1293 2077 1338 2140 sic

243 2191 305 2256 sera
327 2208 467 2272 pergere:
490 2185 631 2274 φανέντα
653 2209 694 2268 με
716 2188 854 2271 θνητοῖς
876 2183 1023 2267 δαίμονα,
1045 2185 1114 2249 tum
1135 2185 1197 2251 alia
1221 2186 1337 2250 absona

243 2298 422 2364 immiscuit.
453 2296 546 2363 Vides
568 2296 704 2378 lepidum
726 2294 847 2361 falsarii
868 2295 1043 2379 ingeninml
1070 2294 1214 2361 Alterum
1238 2295 1338 2359 exstat

244 2429 272 2474 v.
294 2409 351 2473 42:
383 2396 543 2472 basiaret
565 2404 628 2487 Διί,
651 2407 745 2472 verba
766 2405 805 2471 ad
828 2405 968 2472 laedium
989 2405 1198 2487 spectatorum
1210 2404 1337 2469 auribus

242 2517 408 2582 inculcata.
462 2515 520 2580 His
549 2514 649 2599 igitur
680 2515 818 2580 versibus
850 2513 978 2580 abiectis
1006 2513 1045 2578 ad
1075 2513 1205 2578 alteram
1229 2531 1339 2578 narra·

242 2627 337 2691 tionis
366 2625 486 2708 partem
519 2624 722 2706 pervenimus,
755 2642 835 2706 quae
863 2623 909 2688 est
940 2622 977 2687 de
1006 2623 1153 2714 Pentheo..
1197 2621 1339 2686 Breviter

244 2735 384 2800 Bacchus
405 2733 552 2798 iniuriam
576 2733 640 2797 eius
662 2732 781 2798 indicat
808 2735 839 2798 et
865 2751 993 2815 poenam
1021 2732 1175 2808 minatur;
1208 2729 1283 2812 quin
1308 2750 1337 2795 v.

242 2845 293 2908 48.
316 2844 357 2908 49
382 2843 489 2908 lutura
520 2843 641 2920 itinera,
676 2862 754 2925 quae
786 2842 935 2908 excedunt
964 2841 1143 2925 tragoediae
1174 2840 1337 2918 actionem,

244 2951 433 3034 pronuntiat.
461 2951 564 3032 Quare
579 2970 640 3017 non
655 2950 826 3030 miraberis,
849 2952 876 3016 si
890 2951 959 3016 dico
980 2951 1038 3015 hoc
1059 2951 1126 3015 loco
1148 2948 1246 3014 totius
1267 2966 1338 3030 pro·

243 3061 309 3144 logi
330 3061 496 3125 terminum
518 3060 653 3126 haerere.
696 3060 782 3141 Quae
805 3060 877 3126 iude
899 3080 917 3125 a
939 3080 969 3125 v.
991 3061 1031 3124 50
1052 3057 1209 3140 leguntur,
1232 3056 1337 3140 spuria

244 3171 317 3234 sunt
336 3170 450 3248 omnia,
474 3169 707 3236 sed'variornm
728 3170 759 3234 et
778 3170 952 3252 temporum
973 3169 1004 3234 et
1016 3168 1177 3232 hominum
1194 3166 1284 3231 letus.
1298 3200 1337 3212 -

243 3279 448 3362 Inspiciamus
470 3278 605 3362 singula.
661 3278 851 3344 Traducitur
873 3278 972 3344 oratio
1002 3297 1030 3342 v.
1056 3276 1096 3341 50
1125 3275 1245 3340 miseris
1270 3293 1338 3340 ver-

244 3387 291 3452 bis
312 3380 437 3464 ὂεικνύς
459 3381 606 3468 ἐμαυτόν,
639 3405 693 3470 pro
721 3387 832 3469 quibus
859 3387 941 3451 certe
962 3383 1078 3465 δείξων
1100 3377 1240 3467 ἐμαυτόν
1260 3382 1337 3448 scri·

245 3495 378 3562 bendum
401 3495 477 3560 crat.
510 3495 597 3570 ‚Tum
618 3495 697 3560 miro
718 3494 810 3560 modo
833 3493 915 3560 redit
936 3493 975 3560 ad
996 3493 1129 3577 priorem
1149 3492 1338 3578 narrationis

347 3748 373 3818 1)
392 3747 558 3818 Saepissime
576 3751 637 3802 arte
654 3765 726 3802 nexa
747 3746 962 3816 interpolatores
986 3745 1146 3800 disiunxere
1167 3762 1338 3817 magnusque

244 3860 374 3899 versuum
397 3862 527 3899 numerus
551 3844 623 3900 hanc
645 3844 681 3898 ob
702 3862 814 3900 causam
831 3843 938 3898 deletus
964 3846 1013 3898 est.
1050 3843 1129 3898 Adde
1149 3843 1258 3898 Heraol.
1279 3845 1339 3911 lSS,

244 3940 294 4008 qni
312 3957 396 4009 quarn
413 3941 568 4012 superfluus
587 3942 633 4012 sit,
651 3942 806 4014 apparebit,
826 3940 850 3996 si
867 3941 916 3996 illo
935 3939 1036 3996 omisso
1055 3939 1147 3996 locum
1167 3941 1254 4011 leges:

442 4039 502 4093 luel
519 4036 573 4110 γὰρ
588 4033 699 4110 ,Ἄργους
715 4035 747 4093 οὗ
764 4038 879 4112 μέτεσθ’
899 4035 967 4110 ἡμῖν
984 4037 1030 4104 ἔτι,

442 4130 531 4208 ψήφῳ
551 4136 679 4204 δοκῆσαν,
698 4132 765 4190 ἀλλὰ
785 4129 928 4208 φεύγομεν
946 4127 1060 4204 πάτραν,

445 4232 503 4291 πῶς
523 4225 557 4287 ἂν
576 4234 686 4293 δικαίως
704 4231 743 4292 eis
761 4236 977 4300 Μυκηναίους
995 4225 1074 4301 ἄγοις

442 4329 530 4387 ξένοι
548 4323 601 4400 γάρ
620 4331 713 4403 ἐσμεν.
