3080 4960
759 391 794 442 at

226 563 338 629 sacello
360 563 485 646 supplex
507 560 643 627 assidens
665 561 802 642 primunr
823 561 862 624 de
879 541 1032 642 prioribus
1047 559 1130 625 vitae
1151 575 1225 626 suae
1247 560 1320 626 latis

226 672 349 736 disserit
376 672 419 749 (v.
444 671 567 749 1⁴20),
602 669 668 734 tum
700 688 761 752 qua
789 669 915 734 fortuna
948 667 981 732 in
1003 667 1094 734 domo
1116 668 1320 751 Neoptolemi,

226 798 286 862 quo
313 779 438 860 captiva
459 778 594 856 venerat,
629 795 725 860 usque
752 776 791 841 ad
819 776 909 841 illum
930 776 1011 840 diem
1033 795 1089 842 usa
1112 777 1163 856 sit,
1196 779 1321 844 enarrat

226 890 268 969 (v.
290 888 437 966 21—55).
481 887 597 952 Tamen
618 887 765 968 prologus
788 887 891 952 noster
914 885 1071 950 nonnullis
1099 886 1175 951 locis
1201 886 1321 970 leviter,

168 1005 170 1016 ’
225 997 354 1076 duobus,
376 997 412 1061 ut
434 1015 501 1062 mea
524 994 649 1078 quddam
671 996 718 1060 est
738 994 901 1075 sententia,
930 995 1068 1078 graviter
1087 995 1118 1060 et
1139 995 1216 1060 satis
1237 995 1321 1061 anti·

226 1126 285 1189 quo
310 1106 446 1187 tempore
467 1103 697 1186 interpolatoris
719 1123 848 1170 manum
869 1104 1008 1186 expertus
1030 1104 1086 1171 eet.
1123 1139 1155 1148 -
1196 1106 1243 1169 Aa
1257 1105 1321 1186 pri·

225 1235 311 1280 mum
333 1213 457 1297 quidem
478 1214 553 1278 bene
575 1212 730 1295 perspexit
747 1213 985 1279 Valckenaerius
1008 1213 1063 1290 lad
1085 1213 1200 1280 Phoen.
1224 1213 1321 1294 1589)

213 1343 253 1388 u.
275 1323 292 1387 7
316 1321 547 1404 interpolatoris
568 1340 646 1396 esse;
679 1322 773 1404 atque
794 1340 829 1387 eo
852 1323 954 1404 magis
976 1322 1024 1388 1111
1051 1321 1318 1406 adstipulabimur‚

225 1432 308 1515 quod
340 1431 549 1497 coniecturam
580 1431 724 1513 probavit
756 1431 850 1497 schol.
884 1430 949 1496 eod.
980 1431 1075 1497 Marc.
1109 1431 1140 1496 et
1168 1431 1253 1498 Vat:
1288 1425 1319 1498 oi
1353 1488 1354 1494 ,

224 1533 400 1622 ὑποκριταὶ
421 1535 480 1604 τὸν
499 1533 620 1622 ἴαμβον
642 1537 856 1624 προσέθηκαν
865 1537 899 1623 ¹).
926 1575 960 1586 -
984 1540 1022 1605 V.
1045 1540 1082 1605 11

434 1663 508 1730 ἐπεὶ
529 1663 567 1731 ed
593 1664 713 1747 Τροίας
734 1655 825 1730 εἶλον
839 1659 990 1750 Ἕλληνες
1011 1663 1114 1732 πέδον

169 1768 173 1781 .
228 1791 470 1872 „abessemalit“
486 1792 526 1857 N.
539 1793 700 1876 liquidem,
724 1811 783 1876 quo
798 1793 921 1876 saepius
935 1792 1039 1858 locum
1061 1794 1140 1876 lego,
1163 1811 1197 1860 eo
1218 1793 1320 1878 magis

223 1902 257 1965 in
278 1901 463 1966 sententiam
487 1901 551 1966 eius
573 1901 699 1967 inclino.
743 1901 861 1966 Probat
883 1901 965 1966 enim
987 1900 1215 1982 Andromacha,
1242 1921 1321 1986 quae

223 2009 342 2074 dixerat
357 2029 384 2074 v.
402 2011 436 2074 6:
458 2011 514 2073 νῦν
528 2007 556 2072 δ’
580 2002 678 2084 εἴτις
692 1998 773 2094 άλλη
790 2003 1029 2092 δυστυχεστάτη
1043 2003 1129 2095 μονή.
1158 2011 1321 2095 Numquid

225 2118 285 2180 hnc
313 2117 447 2198 pertinet
473 2117 621 2194 indicare,
654 2135 723 2200 quc
752 2117 916 2198 tempore
945 2137 1001 2182 nex
1023 2118 1222 2201 Astyanactis
1251 2137 1319 2201 per-

224 2215 345 2308 petrata
368 2224 418 2303 sit,
452 2243 521 2290 curn
552 2224 732 2306 praesertim
758 2242 849 2289 neme
879 2223 1017 2290 nesciat?
1060 2225 1223 2292 Praeterea
1251 2226 1320 2308 post

225 2324 353 2414 ὀρθίων
374 2353 404 2397 v.
430 2335 467 2398 10
488 2333 628 2416 graviter
655 2313 885 2416 interpunganr,
922 2333 1068 2416 quoniam
1093 2334 1166 2398 inde
1187 2354 1205 2400 a
1227 2355 1256 2401 v.
1280 2336 1317 2400 11

225 2442 460 2508 Andromachae
480 2442 576 2525 ipsius
600 2442 666 2508 fata
690 2445 884 2508 enarrantur.
906 2479 948 2488 —
968 2443 1006 2507 V.
1034 2444 1081 2508 19.
1104 2444 1145 2507 20

372 2562 525 2655 pedyovo'
548 2561 681 2652 ὅμιλον·
708 2562 876 2646 Θεσσαλὸς
896 2566 933 2634 δέ
954 2591 1003 2633 νιν
1022 2563 1104 2647 aaa
1222 2607 1225 2614 .

373 2675 540 2743 Θετίδειον
562 2669 645 2765 adop
668 2678 757 2754 θεᾶς
778 2672 873 2762 χάριν
895 2674 1135 2765 νυμφευμάτων

224 2805 336 2869 misera
357 2804 430 2868 sunt
450 2804 658 2886 interpolatio.
697 2804 854 2885 Quantum
870 2804 1043 2888 langueant
1059 2806 1151 2872 verba
1166 2801 1319 2892 φεύγοντ’

225 2908 347 2995 ὅμιλον,
381 2914 546 2996 postquam
567 2913 734 2994 praecessit
755 2913 854 2995 χωρίς
876 2904 1075 2996 ἀνθρώπων
1093 2934 1154 2980 non
1177 2934 1253 2998 opus
1273 2916 1320 2982 est

223 3023 331 3089 multis
357 3025 495 3106 probare.
539 3024 647 3107 Neque
677 3023 779 3088 minus
809 3024 914 3105 inepta
945 3025 1018 3088 sunt
1048 3043 1126 3107 quae
1157 3026 1319 3101 secuntnr;

224 3152 296 3198 nam
319 3132 400 3216 quod
425 3130 534 3208 Θθίας
558 3131 612 3195 καὶ
634 3129 824 3215 Θαροαλίας.
846 3125 1005 3215 σάγχορτα
1030 3131 1138 3210 πεδία,
1173 3133 1213 3221 ad
1241 3153 1320 3216 quae

224 3241 392 3306 necessario
414 3264 462 3304 νιν
484 3241 677 3307 referendum
699 3242 754 3320 est,
783 3239 950 3305 Θετίδειον
972 3242 1130 3321 vocantur,
1166 3242 1318 3325 quomodo

223 3350 388 3416 defendes?
412 3347 588 3428 Θετίδειον,
611 3352 647 3414 ut
668 3349 735 3433 ipsa
757 3349 890 3415 nominis
912 3349 1011 3415 forma
1026 3351 1146 3434 probat,
1167 3350 1317 3434 templum

224 3459 363 3524 Thetidis
386 3458 542 3542 significat
564 3459 595 3524 et
620 3460 715 3524 fuisse
735 3478 768 3524 re
793 3478 865 3524 uera
888 3460 977 3525 docet
999 3460 1093 3525 schol.
1116 3460 1207 3525 Pind.
1229 3460 1318 3526 Nem.

223 3569 269 3634 IV
291 3571 346 3634 81:
380 3561 400 3655 ἡ
422 3566 457 3632 δὲ
479 3565 573 3644 Θέτις
594 3555 685 3651 άρχει
707 3567 761 3632 καί
781 3563 976 3635 δεσποτεάει
997 3569 1055 3654 τῆς
1073 3561 1196 3649 Φθίος,
1234 3566 1319 3636 ἔνθα

223 3677 292 3744 ἐστὶ
317 3676 371 3742 καί
396 3675 435 3742 τὸ
462 3674 629 3742 Θετίδειον
651 3671 747 3762 ἱερόν,
785 3674 831 3755 τίς
856 3679 910 3744 καὶ
929 3671 1107 3764 Εὐριπίδης
1129 3676 1318 3765 ἐννἈνδρο-

222 3783 307 3876 μάχῃ
318 3785 352 3870 ²).
396 3787 506 3870 Itaque
532 3786 624 3853 facile
652 3787 820 3854 conicimus
847 3787 949 3872 ipsum
982 3788 1061 3854 illud
1092 3790 1251 3874 templum,
1284 3790 1318 3855 in

326 4071 352 4142 1)
370 4071 516 4128 Lectorem
534 4091 632 4129 moneo
651 4093 677 4129 v.
697 4076 714 4128 9
732 4074 881 4146 legendum
903 4091 961 4130 esse
980 4092 1043 4130 cum
1063 4075 1210 4147 Hartungo
1229 4074 1317 4129 παῖδα

223 4170 258 4238 δ’,
276 4169 350 4239 quod
367 4174 463 4239 aperte
481 4171 632 4241 opponitur
649 4171 742 4226 verbis
760 4165 846 4225 πόσιν
862 4169 917 4242 μὲν
936 4187 963 4225 v.
981 4173 1010 4224 8.

322 4266 348 4337 2)
370 4266 410 4321 Of.
429 4267 474 4322 Et.
494 4268 532 4322 M.
550 4287 571 4322 s.
589 4286 616 4322 v.
637 4264 797 4340 Διάσιιορος.
