3080 4960
774 428 809 487 dd

181 606 183 620 '
244 601 310 686 ipso
331 601 397 669 loco
420 602 471 669 hic
492 623 598 670 seusus
620 604 689 670 elici
712 623 772 670 non
798 604 907 687 potest.
951 603 1141 670 Gravissima
1162 605 1243 672 euim
1266 603 1340 670 feri-

243 731 321 790 mus,
352 712 444 796 quod,
477 732 547 796 quo
567 713 732 796 tempore
754 715 970 797 Agamemnon
991 712 1069 778 illud
1092 715 1198 779 votum
1221 713 1339 791 fecerit,

243 823 368 886 omnino
390 840 451 886 non
474 822 604 896 dicitur;
636 822 732 887 immo
755 841 829 888 voce
851 817 1003 904 ἐνιαυτός
1019 823 1097 887 nude
1119 823 1221 904 posita
1248 822 1340 888 facile

242 949 277 994 eo
299 929 491 1008 adducimur,
526 931 562 995 ut
585 932 776 1013 praesentem
799 931 1176 1014 aunumintellegendum
1198 950 1340 1014 essepu·

242 1037 352 1104 temus.
395 1038 457 1104 Ubi
479 1039 585 1103 autern
608 1040 655 1104 est
677 1039 765 1118 illud,
798 1039 832 1104 iu
854 1058 914 1121 quo
940 1039 1032 1104 cardo
1060 1040 1157 1104 totius
1183 1039 1244 1105 loci
1270 1058 1340 1104 ver-

242 1149 336 1212 titur:
374 1148 640 1230 Agamemnonem
663 1168 716 1231 per
738 1151 787 1214 tot
806 1167 904 1214 annos
925 1149 1043 1216 Dianae
1066 1151 1172 1215 votum
1195 1168 1255 1214 non
1277 1147 1341 1215 sol?

242 1257 345 1322 visse?
387 1257 452 1322 lam
479 1256 557 1336 vide,
591 1276 684 1340 quarn
715 1258 817 1341 inepte
846 1258 876 1322 et
902 1258 1061 1341 pueriliter
1082 1259 1158 1324 haee
1186 1258 1339 1324 sententia

243 1384 382 1448 expressa
408 1366 463 1430 sit:
496 1363 587 1430 παῖδ’
616 1351 673 1429 οὖν
695 1363 729 1430 ἐν
754 1359 856 1443 οἴκτοις
876 1361 917 1449 σὴ
943 1360 1209 1453 Κλυταιμνήστρα
1230 1361 1338 1448 δάμαρ

241 1471 356 1538 τίκτει·
378 1469 417 1538 τό
440 1473 645 1540 καλλιστεῖον
665 1468 713 1552 ete
736 1469 786 1557 ἔμ’
807 1471 986 1562 ἀναφέρων.
1020 1475 1108 1556 Quod
1131 1474 1213 1542 enim
1228 1476 1340 1540 horum

242 1602 386 1648 versuum
400 1584 599 1668 praecipuum
615 1587 671 1661 est,
694 1584 889 1668 Iphigeniam
904 1585 1145 1668 pulcherrimum
1161 1603 1233 1663 esso,
1256 1584 1338 1666 quod

242 1712 276 1758 eo
299 1711 379 1757 auno
402 1695 512 1758 natum
530 1693 582 1767 sit,
605 1713 666 1758 uon
689 1693 721 1758 iu
741 1693 900 1774 primario,
924 1693 1005 1775 quod
1020 1693 1144 1771 dieitur,
1167 1694 1338 1771 enuntiato,
1438 1783 1442 1792 1

241 1801 293 1868 sed
316 1802 348 1866 in
371 1799 570 1885 παρενθέσει
592 1803 728 1884 positum
749 1803 809 1878 ast;
831 1802 899 1885 ipsa
921 1803 1027 1866 autem
1048 1803 1124 1868 haec
1138 1799 1339 1882 napevoemg

243 1911 383 1992 intellegi
405 1911 521 1993 neqult,
544 1911 603 1975 nisi
627 1911 780 1994 supplebis
802 1931 818 1976 e
838 1930 867 1976 v.
893 1911 944 1974 ld:
969 1904 1100 1991 Κάλχας
1115 1911 1212 1975 τοῦτο
1230 1905 1337 1994 ἔλεγες
1381 1937 1386 1946 .

245 2018 326 2102 quod
350 2038 442 2103 quam
466 2019 593 2083 difficile
615 2019 665 2096 sit,
700 2019 769 2102 quis
796 2019 841 2083 est
869 2037 960 2101 quem
982 2018 1104 2104 fugiat?
1147 2018 1206 2084 Sed
1233 2020 1268 2083 ut
1297 2020 1338 2084 ad

245 2131 348 2212 ipsum
375 2131 490 2210 μῦθον
521 2129 689 2206 veniamus,
722 2128 803 2193 uude
828 2127 923 2192 habet
945 2128 1127 2210 Euripides?
1170 2129 1278 2213 Neque
1304 2129 1338 2194 in

243 2236 362 2322 Cypriis
395 2224 492 2320 neque
525 2237 606 2320 apud
639 2237 827 2320 Aeschylum
861 2239 916 2302 aut
939 2235 1119 2319 Sophoclem
1146 2238 1245 2304 ullum
1273 2237 1338 2302 eius

243 2347 289 2411 est
311 2346 517 2428 vestigium).
563 2344 624 2410 Cur
654 2347 759 2410 autem
785 2344 818 2409 in
845 2345 903 2410 hae
929 2345 1044 2424 fabula,
1075 2346 1108 2409 in
1139 2365 1200 2428 qua
1227 2347 1337 2424 cetera,

243 2473 321 2537 quae
352 2453 391 2518 ad
418 2453 597 2537 Iphigeniae
624 2454 869 2520 immolationem
900 2455 1063 2537 pertinent,
1096 2455 1254 2538 uolgarem
1278 2454 1338 2539 (ly-

242 2563 379 2646 priorum
407 2564 615 2628 narrationem
642 2564 765 2629 secutus
791 2565 938 2647 exposuit,
970 2564 1029 2629 hoc
1057 2582 1154 2628 uuum
1180 2582 1248 2628 eum
1277 2563 1338 2628 im·
1399 2627 1403 2634 ,

242 2673 379 2737 mutasse
403 2671 599 2738 statuamus?
641 2671 781 2756 Denique
803 2673 910 2755 curin
935 2673 993 2739 hac
1015 2673 1121 2739 fabula
1149 2691 1260 2738 causa
1285 2691 1336 2736 sa·

243 2781 350 2846 orifieii
372 2779 505 2846 aDiana
526 2781 675 2864 postulati
697 2783 963 2859 commemoratur,
987 2800 1058 2847 cum
1073 2800 1111 2846 ne
1125 2782 1157 2846 in
1174 2779 1337 2846 Aulidensi

243 2890 367 2974 quidem
387 2889 558 2974 Iphigenia,
588 2908 666 2971 quae
689 2890 789 2972 ipsum
811 2890 869 2956 hoc
891 2891 1008 2957 tractat
1028 2891 1255 2974 argumentum,
1285 2908 1337 2953 ex-

242 3001 343 3082 posita
369 2998 432 3063 sit?
475 2995 559 3064 Satis
585 3017 634 3063 me
657 3000 733 3082 puto
754 2999 979 3066 demonstrasse
1001 3020 1028 3064 v.
1052 3001 1092 3064 20
1114 2996 1272 3081 usquead
1295 2997 1336 3060 24

243 3129 262 3174 a
287 3127 362 3174 voce
389 3101 440 3172 ὅτι
461 3108 500 3173 ad
523 3126 629 3173 vocem
651 3109 758 3173 θῦσαι
783 3109 822 3173 ab
844 3108 990 3191 Euripide
1016 3127 1077 3174 uon
1107 3126 1171 3172 esse
1196 3106 1336 3190 scriptos.

243 3218 333 3300 Legit
354 3218 458 3281 autem
480 3217 535 3282 hos
558 3235 662 3282 versus
683 3217 716 3282 iu
738 3216 844 3282 fabula
865 3216 970 3282 nostra
994 3215 1108 3300 (licere,
1131 3216 1195 3294 aut,
1214 3215 1251 3279 ut
1272 3233 1337 3279 me·

242 3327 303 3392 lius
326 3325 437 3403 dicam,
461 3326 486 3390 is
504 3345 594 3410 quem
616 3325 784 3407 exscripsit,
808 3324 889 3406 quod
912 3323 1022 3404 prohat
1044 3321 1129 3386 locus
1150 3322 1183 3385 iu
1204 3319 1284 3384 libro
1299 3318 1337 3384 de

243 3436 293 3502 off.
316 3435 437 3514 11125,
459 3435 509 3500 95.
552 3435 660 3500 Altero
682 3434 781 3517 igitur
802 3433 875 3498 ante
899 3430 969 3497 (ihr.
991 3451 1020 3495 n.
1043 3430 1165 3495 saeculo
1187 3429 1267 3496 hanc
1288 3427 1336 3492 iu-

242 3544 477 3627 terpolationem
501 3544 652 3610 exstitisse
674 3541 842 3608 certissime
864 3541 986 3605 scimus.
1012 3575 1046 3586 -
1072 3537 1110 3603 V.
1132 3539 1270 3602 31-33:

440 3653 479 3734 οὗ
500 3670 556 3756 γῆς
576 3661 708 3734 ἀνάσσει
728 3661 923 3751 βαρβάροισι
943 3658 1108 3749 βάρβαρος

442 3773 538 3858 Θόας,
562 3768 599 3855 ὃς
621 3767 706 3842 ολκύν
731 3771 820 3842 πόδα
843 3773 951 3852 τιθεὶς
970 3768 1045 3839 ἰ’σον
1065 3774 1201 3855 πτεροῖς

441 3883 488 3966 εἷς
510 3876 641 3970 τοῦνομ’
661 3873 744 3977 ἦλθε
767 3881 843 3951 τόδε
866 3881 1051 3960 ποδωκείας
1069 3869 1162 3966 ’χάριν

231 4015 398 4098 Εοτίρίᾱὶο
439 4034 503 4081 esse
539 4034 600 4080 nou
642 4034 730 4098 posse
764 4033 814 4080 me
846 4011 967 4077 monuit
1003 4012 1164 4078 Usenerus.
1219 4006 1334 4072 Causas
1400 4015 1403 4024 “

242 4192 435 4201 ,κῇ-

346 4325 371 4395 1)
389 4324 431 4380 De
449 4342 531 4382 eausa
548 4324 710 4395 Iphigeniae
728 4322 887 4378 immolatae
905 4322 999 4378 videas
1018 4321 1100 4393 Soph.
1122 4321 1165 4376 m.
1185 4320 1236 4374 566
1250 4335 1289 4387 sq.
