3080 4960
732 427 765 482 ⁸1

201 599 336 682 pertem;
359 597 527 662 narrentur
548 613 596 660 ree
618 595 657 661 ed
680 614 759 678 quus
782 595 857 679 quid
879 596 1047 664 referemus
1067 596 1100 661 in
1123 595 1231 661 ceteris
1252 595 1299 660 f-

201 705 293 770 hulec
317 703 458 788 pertibus
487 721 549 768 nen
579 702 762 768 invenimus.
806 702 919 785 Qualis
951 703 1054 768 eutem
1087 704 1161 769 sunt
1190 705 1297 772 rethe!

201 804 279 900 ὀργῇ
305 833 335 878 r.
358 813 397 876 51
427 813 477 877 vir
507 811 608 894 petest
637 810 796 895 intellegi3
828 804 967 896 συνάψω
1000 812 1119 877 obiecto
1152 829 1298 894 personae

200 941 292 1005 segre
322 922 421 998 ceret;
455 914 598 1004 μαινάσι,
629 923 735 988 utrum
764 941 835 988 cum
867 924 960 988 verbo
989 916 1128 1004 συνάψω
1160 941 1201 986 en
1227 941 1296 988 cum

201 1029 428 1114 στρατηλατᾶν
452 1029 632 1112 coniungas,
662 1049 724 1096 non
745 1032 854 1096 stetim
874 1032 1012 1114 epporet.
1057 1030 1209 1097 Secuntur
1231 1049 1299 1096 ver·

200 1157 252 1203 sue
277 1139 401 1221 pessimi
429 1140 479 1204 53.
505 1139 555 1216 54,
588 1139 700 1222 quihus
729 1139 777 1204 his
806 1139 939 1206 iteratur
965 1139 1047 1222 qued
1077 1140 1149 1205 ν.4
1178 1138 1297 1206 dietum

200 1249 276 1312 eret
329 1247 405 1314 Inde
438 1268 457 1314 o
486 1268 516 1314 r.
543 1249 584 1312 55
616 1247 727 1314 molier
759 1249 871 1331 incipit
903 1266 1048 1314 uersuum
1081 1248 1171 1314 orde:
1208 1249 1298 1314 Liber

197 1357 286 1438 peter
308 1357 502 1424 Bocchorum
524 1359 651 1424 cherum
673 1356 870 1440 adhortatur,
901 1358 936 1420 ut
957 1357 998 1422 ed
1019 1357 1149 1422 Penthei
1170 1357 1296 1424 domum

199 1465 354 1547 tympanis
385 1467 561 1532 concinent.
606 1466 722 1532 Temen
749 1466 845 1530 etiem
868 1465 924 1530 hes
949 1466 990 1532 oh
1011 1465 1156 1548 Euripide
1181 1465 1298 1532 elienor

199 1591 263 1638 cese
285 1575 361 1640 mihi
382 1594 564 1658 persuasum
588 1578 643 1642 eet.
687 1573 917 1640 Difficultstem
950 1574 1041 1640 huius
1063 1573 1124 1639 loci
1151 1574 1298 1656 cognorit

198 1681 399 1762 wocronin,
433 1685 488 1767 qui
509 1685 586 1750 hsec
608 1685 741 1750 adnotet
765 1682 806 1748 ed
834 1703 865 1748 r.
887 1685 944 1748 55:
992 1681 1078 1764 „Der
1097 1683 1224 1768 Einsup
1244 1682 1299 1750 ces

196 1790 434 1858 Bulctenchers
451 1793 508 1858 tol
528 1794 603 1859 oben
625 1793 794 1877 coponem,
825 1781 989 1872 Dionysos
1008 1793 1093 1858 redet
1111 1793 1157 1858 sio
1177 1813 1229 1876 oo,
1248 1812 1297 1858 so

195 1899 271 1964 hold
290 1921 325 1965 er
347 1899 433 1966 ihrer
453 1903 613 1986 onochiip
633 1903 724 1968 wird.
759 1899 828 1966 Der
844 1900 933 1966 ocor
954 1903 995 1966 isc
1015 1901 1081 1968 οιίΙι
1095 1902 1208 1968 derum
1224 1902 1299 1968 dher

195 2009 253 2076 dus
272 2009 376 2075 wohre
394 2010 505 2078 Wesoo
520 2012 575 2077 des
592 2011 756 2094 Dionysos
775 2010 862 2076 nieht
883 2007 958 2074 clar
977 2011 1045 2076 und
1065 2010 1230 2078 helroohtet
1243 2009 1299 2077 ilo

193 2141 255 2184 our
278 2120 328 2186 als
352 2121 442 2186 εἰναι
469 2121 653 2188 Veronae
675 2123 733 2187 des
755 2119 889 2187 Goltes.“
937 2121 1033 2187 Recte
1064 2123 1117 2188 ille
1146 2120 1299 2188 intellexit

191 2229 316 2294 cherum
331 2228 402 2294 indo
417 2230 457 2295 ab
477 2229 571 2294 initio
593 2231 734 2314 fabulae,
756 2229 851 2295 sicuti
866 2228 899 2293 in
911 2227 1119 2313 Supplicibus‚
1141 2230 1173 2295 in
1188 2248 1299 2296 sonem

189 2357 252 2404 esee
283 2357 343 2403 nen
373 2357 474 2421 pesse;
497 2337 619 2422 [edesse
649 2337 746 2404 debet
774 2340 856 2419 turn,
889 2357 961 2404 cum
989 2339 1131 2404 Bacchus
1159 2337 1302 2422 loquitur
1414 2388 1418 2396 .

190 2467 219 2512 r.
242 2449 292 2512 55.
333 2449 375 2514 At
398 2449 466 2532 quis
486 2466 625 2530 unquam
648 2446 778 2515 audivit
801 2449 932 2516 chorum
956 2449 1078 2526 mutum
1100 2449 1132 2512 in
1154 2466 1299 2513 scaenam

192 2555 350 2640 presedere
369 2558 450 2622 inter
471 2575 679 2640 personarum
701 2557 864 2640 dialogum
886 2558 937 2623 vel
960 2557 1185 2641 menelogum?
1222 2555 1299 2637 Quis

195 2665 232 2730 de
250 2665 445 2731 Boeotorum
465 2665 601 2729 maxime
623 2665 719 2731 chero
744 2666 803 2731 hoc
830 2665 1044 2762 exspectehit‘l
1087 2663 1135 2730 Ac
1162 2685 1200 2731 ne
1232 2666 1298 2732 ulle

197 2775 291 2840 restet
318 2773 486 2856 dubitatio,
519 2772 654 2856 paredus
680 2773 748 2858 ipse
770 2775 908 2858 postulet
930 2775 1058 2840 chorum
1080 2775 1295 2858 precedentem

201 2883 248 2948 rel
268 2883 372 2967 petius
393 2883 572 2966 regentem.
615 2882 696 2948 Vide
717 2904 748 2949 r.
771 2885 811 2949 68
833 2903 893 2968 sq.:

497 2990 557 3068 τίς
577 2984 671 3076 ὁὸιῦς
693 2991 752 3070 τίς
774 2987 869 3080 ὁὸῷς
890 2993 939 3072 τίς

496 3094 693 3185 μελάθροιςς
717 3097 886 3180 ἔκτοπος
907 3097 1003 3168 ἔστω.

200 3210 310 3294 Itaque
331 3230 361 3276 v.
383 3209 508 3274 55-63
529 3208 688 3291 Euripidei
712 3230 777 3276 esse
797 3231 860 3277 nou
881 3213 1024 3294 pessunt3
1056 3209 1130 3276 lictu
1153 3209 1200 3278 cst
1223 3209 1300 3277 haec

200 3311 397 3408 ἀποστροφή
426 3321 466 3386 eh
491 3317 704 3398 histrionibus,
737 3326 790 3403 qui
819 3321 948 3386 chorum
974 3319 1057 3385 inter
1078 3319 1243 3402 prolegum
1266 3318 1298 3385 in

201 3448 342 3495 sceensm
371 3429 523 3495 duxerunt
552 3429 582 3494 et
612 3429 686 3493 ente
707 3427 837 3494 Penthei
861 3429 950 3495 sedes
971 3429 1127 3528 statutum
1148 3429 1299 3512 paredum

199 3539 381 3604 recitantem
414 3537 561 3604 lecerunt
614 3535 675 3603 Sed
703 3537 811 3604 insunt
838 3537 933 3604 etium
964 3537 1086 3616 menda,
1122 3555 1203 3621 queo
1234 3557 1299 3604 ocr-

201 3647 322 3714 tissima
344 3647 520 3714 coniectura
544 3665 579 3712 er
600 3648 735 3730 genuine
761 3647 908 3731 Euripide
929 3647 1081 3714 removeri
1102 3648 1195 3714 raldo
1219 3667 1300 3732 geu·

200 3755 317 3822 demus.
360 3755 584 3838 Turpissimum
613 3755 871 3838 complementum
904 3758 949 3824 est
974 3755 1015 3820 ἵν’
1039 3755 1104 3820 eloi
1124 3775 1154 3822 r.
1177 3756 1229 3836 63,
1262 3775 1300 3820 ue

199 3883 291 3947 prose
314 3865 437 3948 quidem
465 3864 605 3932 cretione
626 3865 765 3949 dignum.
809 3865 850 3930 llt
871 3867 898 3932 si
919 3867 1063 3932 ocourete
1082 3864 1300 3947 interpreteris

200 3973 330 4040 Penthei
352 3973 444 4040 verbe
467 3992 496 4039 r.
517 3975 578 4039 352
601 3993 661 4058 sq.:

349 4073 386 4144 οἳ
405 4079 433 4146 δ’
454 4074 523 4146 ἀνὰ
544 4076 661 4147 πόλιν
682 4082 864 4170 στείχοντες
883 4077 1082 4166 ἐξιχνεύσατε

348 4184 406 4256 τὸν
427 4183 645 4276 θηλύμορφον
666 4191 765 4274 ξένον,
789 4181 827 4270 ὃς
847 4185 993 4280 εἰσφέρει
1016 4183 1114 4256 νόσον

349 4293 458 4384 καινὴν
479 4297 601 4384 γυναιξὶ
624 4299 677 4365 καὶ
698 4299 773 4384 λέχη
795 4299 992 4382 λυμαίνεται,

1079 4409 1096 4460 o
