<?xml version="1.0" encoding="UTF-8"?>
<!DOCTYPE html PUBLIC "-//W3C//DTD XHTML 1.0 Transitional//EN"
    "http://www.w3.org/TR/xhtml1/DTD/xhtml1-transitional.dtd">
<html xmlns="http://www.w3.org/1999/xhtml" xml:lang="en" lang="en">
 <head>
  <title>
</title>
<meta http-equiv="Content-Type" content="text/html;charset=utf-8" />
  <meta name='ocr-system' content='tesseract 3.04.00' />
  <meta name='ocr-capabilities' content='ocr_page ocr_carea ocr_par ocr_line ocrx_word'/>
</head>
<body>
  <div class='ocr_page' id='page_1' title='image "./deeuripideorump01klingoog_0076.png"; bbox 0 0 3080 4960; ppageno 0'>
   <div class='ocr_carea' id='block_1_1' title="bbox 763 373 795 426">
    <p class='ocr_par' dir='ltr' id='par_1_1' title="bbox 763 373 795 426">
     <span class='ocr_line' id='line_1_1' title="bbox 763 373 795 426; baseline 0.031 -1"><span class='ocrx_word' id='word_1_1' title='bbox 763 373 795 426; x_wconf 86' lang='grc'>71</span> 
     </span>
    </p>
   </div>
   <div class='ocr_carea' id='block_1_2' title="bbox 219 539 1324 3344">
    <p class='ocr_par' dir='ltr' id='par_1_2' title="bbox 219 539 1324 3344">
     <span class='ocr_line' id='line_1_2' title="bbox 226 539 1321 629; baseline 0.005 -24"><span class='ocrx_word' id='word_1_2' title='bbox 226 539 377 606; x_wconf 76' lang='grc' dir='ltr'>παιδείαν</span> <span class='ocrx_word' id='word_1_3' title='bbox 399 545 528 626; x_wconf 84' lang='grc' dir='ltr'><strong><em>Μοῖραι</em></strong></span> <span class='ocrx_word' id='word_1_4' title='bbox 550 543 750 610; x_wconf 84' lang='grc' dir='ltr'><strong><em>συντείνουσι</em></strong></span> <span class='ocrx_word' id='word_1_5' title='bbox 771 543 858 610; x_wconf 88' lang='grc' dir='ltr'><strong><em>θεαί.</em></strong></span> <span class='ocrx_word' id='word_1_6' title='bbox 902 543 1018 612; x_wconf 77' lang='lat' dir='ltr'><strong>Boooh.</strong></span> <span class='ocrx_word' id='word_1_7' title='bbox 1043 547 1084 610; x_wconf 86' lang='grc'>99</span> <span class='ocrx_word' id='word_1_8' title='bbox 1095 565 1156 629; x_wconf 86' lang='lat' dir='ltr'>sq.:</span> <span class='ocrx_word' id='word_1_9' title='bbox 1179 542 1321 612; x_wconf 77' lang='grc' dir='ltr'><strong><em>ἔτεκεν</em></strong></span> 
     </span>
     <span class='ocr_line' id='line_1_3' title="bbox 225 644 1318 739; baseline 0.004 -25"><span class='ocrx_word' id='word_1_10' title='bbox 225 651 253 715; x_wconf 81' lang='grc' dir='ltr'>δ’</span> <span class='ocrx_word' id='word_1_11' title='bbox 286 644 379 715; x_wconf 77' lang='grc' dir='ltr'><strong><em>ἁνίκα</em></strong></span> <span class='ocrx_word' id='word_1_12' title='bbox 408 653 536 736; x_wconf 86' lang='grc' dir='ltr'><strong><em>Μοῖραι</em></strong></span> <span class='ocrx_word' id='word_1_13' title='bbox 567 650 700 717; x_wconf 79' lang='grc' dir='ltr'><strong><em>τέλεσαν</em></strong></span> <span class='ocrx_word' id='word_1_14' title='bbox 728 651 933 735; x_wconf 83' lang='grc' dir='ltr'><strong><em>ταυροκέρων</em></strong></span> <span class='ocrx_word' id='word_1_15' title='bbox 960 648 1053 720; x_wconf 87' lang='grc' dir='ltr'><strong><em>θεόν.</em></strong></span> <span class='ocrx_word' id='word_1_16' title='bbox 1097 653 1166 718; x_wconf 79' lang='lat' dir='ltr'>nlo.</span> <span class='ocrx_word' id='word_1_17' title='bbox 1196 656 1234 720; x_wconf 96' lang='lat' dir='ltr'>ll</span> <span class='ocrx_word' id='word_1_18' title='bbox 1256 674 1318 739; x_wconf 85' lang='lat' dir='ltr'>sq.:</span> 
     </span>
     <span class='ocr_line' id='line_1_4' title="bbox 226 750 1320 846; baseline 0.003 -22"><span class='ocrx_word' id='word_1_19' title='bbox 226 750 263 824; x_wconf 78' lang='grc' dir='ltr'><strong><em>ὃν</em></strong></span> <span class='ocrx_word' id='word_1_20' title='bbox 284 763 422 824; x_wconf 89' lang='grc' dir='ltr'><strong><em>θανεῖν</em></strong></span> <span class='ocrx_word' id='word_1_21' title='bbox 443 754 626 844; x_wconf 75' lang='grc' dir='ltr'><strong><em>ἐρρυσάμην</em></strong></span> <span class='ocrx_word' id='word_1_22' title='bbox 638 759 771 841; x_wconf 79' lang='grc' dir='ltr'><strong><em>Μοίρας</em></strong></span> <span class='ocrx_word' id='word_1_23' title='bbox 784 754 933 838; x_wconf 74' lang='grc' dir='ltr'><strong><em>δολώσας</em></strong></span> <span class='ocrx_word' id='word_1_24' title='bbox 947 761 1001 846; x_wconf 88' lang='lat' dir='ltr'>(ef.</span> <span class='ocrx_word' id='word_1_25' title='bbox 1012 782 1042 827; x_wconf 81' lang='lat' dir='ltr'>v.</span> <span class='ocrx_word' id='word_1_26' title='bbox 1054 760 1117 846; x_wconf 83' lang='lat'><strong>33).</strong></span> <span class='ocrx_word' id='word_1_27' title='bbox 1139 761 1320 828; x_wconf 82' lang='lat' dir='ltr'>Paullnlum</span> 
     </span>
     <span class='ocr_line' id='line_1_5' title="bbox 225 864 1321 954; baseline 0.002 -20"><span class='ocrx_word' id='word_1_28' title='bbox 225 869 348 936; x_wconf 74' lang='lat' dir='ltr'>tentum</span> <span class='ocrx_word' id='word_1_29' title='bbox 375 869 479 936; x_wconf 79' lang='lat' dir='ltr'>differt</span> <span class='ocrx_word' id='word_1_30' title='bbox 507 869 631 936; x_wconf 80' lang='lat' dir='ltr'>Hereol.</span> <span class='ocrx_word' id='word_1_31' title='bbox 653 871 714 936; x_wconf 84' lang='lat'>898</span> <span class='ocrx_word' id='word_1_32' title='bbox 735 888 795 954; x_wconf 86' lang='lat' dir='ltr'>sq.:</span> <span class='ocrx_word' id='word_1_33' title='bbox 829 864 1016 954; x_wconf 77' lang='grc' dir='ltr'><strong><em>πολλὰγὰρ</em></strong></span> <span class='ocrx_word' id='word_1_34' title='bbox 1041 869 1177 936; x_wconf 90' lang='grc' dir='ltr'><strong><em>τίκτει</em></strong></span> <span class='ocrx_word' id='word_1_35' title='bbox 1203 873 1321 953; x_wconf 84' lang='grc' dir='ltr'><strong><em>Μοῖρα</em></strong></span> 
     </span>
     <span class='ocr_line' id='line_1_6' title="bbox 224 971 1324 1062; baseline 0.004 -20"><span class='ocrx_word' id='word_1_36' title='bbox 224 971 503 1060; x_wconf 79' lang='grc' dir='ltr'><strong><em>τελισοιδιίτειρα.</em></strong></span> <span class='ocrx_word' id='word_1_37' title='bbox 536 976 688 1043; x_wconf 76' lang='lat' dir='ltr'><strong>Videntur</strong></span> <span class='ocrx_word' id='word_1_38' title='bbox 710 977 804 1043; x_wconf 85' lang='lat' dir='ltr'>etiam</span> <span class='ocrx_word' id='word_1_39' title='bbox 827 979 906 1044; x_wconf 83' lang='lat' dir='ltr'>duee</span> <span class='ocrx_word' id='word_1_40' title='bbox 927 978 1044 1046; x_wconf 80' lang='lat' dir='ltr'>Peneos</span> <span class='ocrx_word' id='word_1_41' title='bbox 1066 997 1200 1062; x_wconf 85' lang='lat' dir='ltr'>querum</span> <span class='ocrx_word' id='word_1_42' title='bbox 1220 979 1324 1046; x_wconf 77' lang='lat' dir='ltr'>altere</span> 
     </span>
     <span class='ocr_line' id='line_1_7' title="bbox 225 1084 1319 1172; baseline -0.001 -21"><span class='ocrx_word' id='word_1_43' title='bbox 225 1084 341 1164; x_wconf 81' lang='lat' dir='ltr'>dextre,</span> <span class='ocrx_word' id='word_1_44' title='bbox 373 1086 473 1152; x_wconf 79' lang='lat' dir='ltr'>altero</span> <span class='ocrx_word' id='word_1_45' title='bbox 501 1086 627 1152; x_wconf 83' lang='lat' dir='ltr'>sinistre</span> <span class='ocrx_word' id='word_1_46' title='bbox 653 1086 720 1153; x_wconf 83' lang='lat' dir='ltr'>Iovi</span> <span class='ocrx_word' id='word_1_47' title='bbox 745 1087 881 1153; x_wconf 76' lang='lat' dir='ltr'>assideat</span> <span class='ocrx_word' id='word_1_48' title='bbox 909 1087 1051 1172; x_wconf 81' lang='lat' dir='ltr'>intellegi</span> <span class='ocrx_word' id='word_1_49' title='bbox 1072 1087 1138 1151; x_wconf 90' lang='lat' dir='ltr'>Pel.</span> <span class='ocrx_word' id='word_1_50' title='bbox 1159 1087 1219 1170; x_wconf 78' lang='lat' dir='ltr'>irg.</span> <span class='ocrx_word' id='word_1_51' title='bbox 1244 1089 1319 1152; x_wconf 83' lang='lat'><strong>623:</strong></span> 
     </span>
     <span class='ocr_line' id='line_1_8' title="bbox 225 1179 1320 1278; baseline 0.004 -22"><span class='ocrx_word' id='word_1_52' title='bbox 225 1189 332 1258; x_wconf 78' lang='grc' dir='ltr'><strong><em>κλύετ’</em></strong></span> <span class='ocrx_word' id='word_1_53' title='bbox 356 1179 383 1260; x_wconf 78' lang='grc' dir='ltr'><em>ὦ</em></span> <span class='ocrx_word' id='word_1_54' title='bbox 406 1197 544 1277; x_wconf 86' lang='grc' dir='ltr'><strong><em>Μοῖραι,</em></strong></span> <span class='ocrx_word' id='word_1_55' title='bbox 578 1193 657 1273; x_wconf 82' lang='grc' dir='ltr'><strong><em>Διὸς</em></strong></span> <span class='ocrx_word' id='word_1_56' title='bbox 679 1195 748 1259; x_wconf 81' lang='grc' dir='ltr'><strong><em>αἵτε</em></strong></span> <span class='ocrx_word' id='word_1_57' title='bbox 771 1189 861 1278; x_wconf 79' lang='grc' dir='ltr'><strong><em>παρὰ</em></strong></span> <span class='ocrx_word' id='word_1_58' title='bbox 882 1189 1009 1278; x_wconf 89' lang='grc' dir='ltr'><strong><em>θρόνον</em></strong></span> <span class='ocrx_word' id='word_1_59' title='bbox 1034 1183 1201 1278; x_wconf 79' lang='grc' dir='ltr'><strong><em>α’γχοτάτιν</em></strong></span> <span class='ocrx_word' id='word_1_60' title='bbox 1227 1197 1320 1260; x_wconf 82' lang='grc' dir='ltr'><strong><em>θεῶν</em></strong></span> 
     </span>
     <span class='ocr_line' id='line_1_9' title="bbox 224 1297 1320 1389; baseline 0 -21"><span class='ocrx_word' id='word_1_61' title='bbox 224 1297 382 1386; x_wconf 81' lang='grc' dir='ltr'><strong><em>ἑζόμενοι.</em></strong></span> <span class='ocrx_word' id='word_1_62' title='bbox 425 1306 534 1389; x_wconf 86' lang='lat' dir='ltr'>Neque</span> <span class='ocrx_word' id='word_1_63' title='bbox 562 1307 667 1372; x_wconf 89' lang='lat' dir='ltr'>nostro</span> <span class='ocrx_word' id='word_1_64' title='bbox 695 1307 762 1372; x_wconf 89' lang='lat' dir='ltr'>loeo</span> <span class='ocrx_word' id='word_1_65' title='bbox 791 1305 918 1371; x_wconf 81' lang='lat' dir='ltr'>tolerari</span> <span class='ocrx_word' id='word_1_66' title='bbox 944 1304 1047 1387; x_wconf 89' lang='lat' dir='ltr'>potest</span> <span class='ocrx_word' id='word_1_67' title='bbox 1078 1299 1147 1385; x_wconf 76' lang='grc' dir='ltr'><strong><em>ἔριν</em></strong></span> <span class='ocrx_word' id='word_1_68' title='bbox 1172 1298 1320 1387; x_wconf 81' lang='grc' dir='ltr'><strong><em>πόλεμον</em></strong></span> 
     </span>
     <span class='ocr_line' id='line_1_10' title="bbox 224 1413 1320 1501; baseline 0 -23"><span class='ocrx_word' id='word_1_69' title='bbox 224 1413 361 1480; x_wconf 76' lang='grc' dir='ltr'><strong><em>θέσθαι.</em></strong></span> <span class='ocrx_word' id='word_1_70' title='bbox 403 1415 492 1496; x_wconf 82' lang='lat' dir='ltr'><strong>Quod</strong></span> <span class='ocrx_word' id='word_1_71' title='bbox 515 1416 626 1483; x_wconf 87' lang='lat' dir='ltr'>vitium</span> <span class='ocrx_word' id='word_1_72' title='bbox 649 1418 766 1483; x_wconf 87' lang='lat' dir='ltr'>veteres</span> <span class='ocrx_word' id='word_1_73' title='bbox 793 1416 993 1501; x_wconf 81' lang='lat' dir='ltr'>grammatici</span> <span class='ocrx_word' id='word_1_74' title='bbox 1019 1415 1196 1482; x_wconf 84' lang='lat' dir='ltr'>eonieotnrs</span> <span class='ocrx_word' id='word_1_75' title='bbox 1218 1431 1320 1479; x_wconf 91' lang='lat' dir='ltr'>remo·</span> 
     </span>
     <span class='ocr_line' id='line_1_11' title="bbox 225 1518 1320 1611; baseline -0.002 -21"><span class='ocrx_word' id='word_1_76' title='bbox 225 1542 294 1590; x_wconf 82' lang='lat' dir='ltr'>vore</span> <span class='ocrx_word' id='word_1_77' title='bbox 313 1525 514 1608; x_wconf 79' lang='lat' dir='ltr'>studuemnt3</span> <span class='ocrx_word' id='word_1_78' title='bbox 544 1526 677 1608; x_wconf 80' lang='lat' dir='ltr'>legimns</span> <span class='ocrx_word' id='word_1_79' title='bbox 700 1527 838 1593; x_wconf 89' lang='lat' dir='ltr'>enimin</span> <span class='ocrx_word' id='word_1_80' title='bbox 860 1525 1002 1592; x_wconf 81' lang='lat' dir='ltr'>scholiis:</span> <span class='ocrx_word' id='word_1_81' title='bbox 1029 1518 1188 1611; x_wconf 79' lang='grc' dir='ltr'><strong><em>γράφεται</em></strong></span> <span class='ocrx_word' id='word_1_82' title='bbox 1207 1521 1245 1589; x_wconf 78' lang='grc' dir='ltr'>δὲ</span> <span class='ocrx_word' id='word_1_83' title='bbox 1265 1522 1320 1588; x_wconf 80' lang='grc' dir='ltr'><strong><em>καὶ</em></strong></span> 
     </span>
     <span class='ocr_line' id='line_1_12' title="bbox 219 1619 1320 1722; baseline 0.003 -27"><span class='ocrx_word' id='word_1_84' title='bbox 219 1631 314 1712; x_wconf 84' lang='grc' dir='ltr'><strong><em>Ἔρις,</em></strong></span> <span class='ocrx_word' id='word_1_85' title='bbox 336 1631 377 1697; x_wconf 74' lang='grc' dir='ltr'><strong><em>ἵν’</em></strong></span> <span class='ocrx_word' id='word_1_86' title='bbox 400 1619 434 1722; x_wconf 76' lang='grc' dir='ltr'>ᾗ·</span> <span class='ocrx_word' id='word_1_87' title='bbox 455 1630 474 1719; x_wconf 80' lang='grc' dir='ltr'>ἡ</span> <span class='ocrx_word' id='word_1_88' title='bbox 498 1629 563 1699; x_wconf 82' lang='grc' dir='ltr'>θεὰ</span> <span class='ocrx_word' id='word_1_89' title='bbox 577 1635 668 1717; x_wconf 84' lang='grc' dir='ltr'><strong><em>Ἔρις</em></strong></span> <span class='ocrx_word' id='word_1_90' title='bbox 688 1630 745 1701; x_wconf 84' lang='grc' dir='ltr'><strong><em>τὸν</em></strong></span> <span class='ocrx_word' id='word_1_91' title='bbox 767 1629 915 1716; x_wconf 81' lang='grc' dir='ltr'><strong><em>πόλεμον</em></strong></span> <span class='ocrx_word' id='word_1_92' title='bbox 935 1633 1101 1699; x_wconf 78' lang='grc' dir='ltr'><strong><em>ἐπέκλασε</em></strong></span> <span class='ocrx_word' id='word_1_93' title='bbox 1118 1631 1245 1720; x_wconf 77' lang='grc' dir='ltr'><strong><em>Θυέστῃ</em></strong></span> <span class='ocrx_word' id='word_1_94' title='bbox 1266 1632 1320 1698; x_wconf 86' lang='grc' dir='ltr'><strong><em>καὶ</em></strong></span> 
     </span>
     <span class='ocr_line' id='line_1_13' title="bbox 224 1719 1318 1828; baseline 0.005 -25"><span class='ocrx_word' id='word_1_95' title='bbox 224 1731 345 1822; x_wconf 82' lang='grc' dir='ltr'><strong><em>Ἀτρεῖ.</em></strong></span> <span class='ocrx_word' id='word_1_96' title='bbox 389 1742 506 1810; x_wconf 80' lang='lat' dir='ltr'>Temen</span> <span class='ocrx_word' id='word_1_97' title='bbox 530 1744 720 1828; x_wconf 74' lang='lat' dir='ltr'>repudienda</span> <span class='ocrx_word' id='word_1_98' title='bbox 742 1744 830 1809; x_wconf 90' lang='lat' dir='ltr'>nobis</span> <span class='ocrx_word' id='word_1_99' title='bbox 852 1719 996 1809; x_wconf 69' lang='lat' dir='ltr'>eet¹heee</span> <span class='ocrx_word' id='word_1_100' title='bbox 1016 1741 1118 1821; x_wconf 78' lang='lat' dir='ltr'>lectio,</span> <span class='ocrx_word' id='word_1_101' title='bbox 1142 1741 1226 1826; x_wconf 84' lang='lat' dir='ltr'><strong>quod</strong></span> <span class='ocrx_word' id='word_1_102' title='bbox 1247 1741 1318 1808; x_wconf 92' lang='lat' dir='ltr'>Dis-</span> 
     </span>
     <span class='ocr_line' id='line_1_14' title="bbox 224 1849 1319 1934; baseline 0 -18"><span class='ocrx_word' id='word_1_103' title='bbox 224 1849 330 1916; x_wconf 81' lang='lat' dir='ltr'>oordie</span> <span class='ocrx_word' id='word_1_104' title='bbox 361 1849 415 1916; x_wconf 83' lang='lat' dir='ltr'>fils</span> <span class='ocrx_word' id='word_1_105' title='bbox 446 1850 599 1918; x_wconf 80' lang='lat' dir='ltr'>‹leduoens</span> <span class='ocrx_word' id='word_1_106' title='bbox 629 1851 759 1918; x_wconf 82' lang='lat' dir='ltr'>Homeri</span> <span class='ocrx_word' id='word_1_107' title='bbox 790 1851 988 1930; x_wconf 73' lang='lat' dir='ltr'>auotoritete,</span> <span class='ocrx_word' id='word_1_108' title='bbox 1023 1851 1078 1934; x_wconf 85' lang='lat' dir='ltr'>qui</span> <span class='ocrx_word' id='word_1_109' title='bbox 1110 1869 1216 1918; x_wconf 88' lang='lat' dir='ltr'>omnes</span> <span class='ocrx_word' id='word_1_110' title='bbox 1246 1850 1319 1918; x_wconf 88' lang='lat' dir='ltr'>deos</span> 
     </span>
     <span class='ocr_line' id='line_1_15' title="bbox 223 1949 1319 2040; baseline -0.001 -18"><span class='ocrx_word' id='word_1_111' title='bbox 223 1949 473 2034; x_wconf 76' lang='grc' dir='ltr'><strong><em>ἐπικλιίθοντας</em></strong></span> <span class='ocrx_word' id='word_1_112' title='bbox 493 1958 580 2040; x_wconf 81' lang='lat' dir='ltr'>feeit,</span> <span class='ocrx_word' id='word_1_113' title='bbox 602 1957 724 2024; x_wconf 87' lang='lat' dir='ltr'>delendi</span> <span class='ocrx_word' id='word_1_114' title='bbox 746 1976 808 2024; x_wconf 92' lang='lat' dir='ltr'>non</span> <span class='ocrx_word' id='word_1_115' title='bbox 829 1958 941 2040; x_wconf 85' lang='lat' dir='ltr'>potest.</span> <span class='ocrx_word' id='word_1_116' title='bbox 982 1957 1193 2040; x_wconf 85' lang='lat' dir='ltr'>Interpoletor</span> <span class='ocrx_word' id='word_1_117' title='bbox 1213 1957 1319 2022; x_wconf 87' lang='lat' dir='ltr'>eutem</span> 
     </span>
     <span class='ocr_line' id='line_1_16' title="bbox 225 2053 1319 2152; baseline -0.003 -21"><span class='ocrx_word' id='word_1_118' title='bbox 225 2083 416 2149; x_wconf 74' lang='lat' dir='ltr'>quemquam</span> <span class='ocrx_word' id='word_1_119' title='bbox 438 2065 529 2130; x_wconf 87' lang='lat' dir='ltr'>modo</span> <span class='ocrx_word' id='word_1_120' title='bbox 551 2066 645 2130; x_wconf 83' lang='lat' dir='ltr'>dixit:</span> <span class='ocrx_word' id='word_1_121' title='bbox 678 2064 711 2130; x_wconf 89' lang='grc' dir='ltr'>τί</span> <span class='ocrx_word' id='word_1_122' title='bbox 730 2053 861 2149; x_wconf 64' lang='grc' dir='ltr'><strong><em>τᾶρρητ’</em></strong></span> <span class='ocrx_word' id='word_1_123' title='bbox 878 2054 1168 2152; x_wconf 75' lang='grc' dir='ltr'><strong><em>ἀναμετρήσασθαί</em></strong></span> <span class='ocrx_word' id='word_1_124' title='bbox 1188 2085 1230 2146; x_wconf 81' lang='grc' dir='ltr'>με</span> <span class='ocrx_word' id='word_1_125' title='bbox 1251 2062 1319 2142; x_wconf 73' lang='grc' dir='ltr'>δεῖς</span> 
     </span>
     <span class='ocr_line' id='line_1_17' title="bbox 224 2172 1318 2257; baseline -0.002 -17"><span class='ocrx_word' id='word_1_126' title='bbox 224 2177 339 2255; x_wconf 85' lang='lat' dir='ltr'>tomen,</span> <span class='ocrx_word' id='word_1_127' title='bbox 361 2175 396 2239; x_wconf 90' lang='lat' dir='ltr'>ut</span> <span class='ocrx_word' id='word_1_128' title='bbox 411 2175 458 2240; x_wconf 87' lang='lat' dir='ltr'>est</span> <span class='ocrx_word' id='word_1_129' title='bbox 473 2174 718 2257; x_wconf 82' lang='lat' dir='ltr'>loquacissimus,</span> <span class='ocrx_word' id='word_1_130' title='bbox 740 2175 896 2244; x_wconf 82' lang='lat' dir='ltr'>obstinere</span> <span class='ocrx_word' id='word_1_131' title='bbox 910 2194 973 2241; x_wconf 92' lang='lat' dir='ltr'>non</span> <span class='ocrx_word' id='word_1_132' title='bbox 987 2175 1097 2257; x_wconf 81' lang='lat' dir='ltr'>potest,</span> <span class='ocrx_word' id='word_1_133' title='bbox 1119 2173 1195 2257; x_wconf 90' lang='lat' dir='ltr'>quin</span> <span class='ocrx_word' id='word_1_134' title='bbox 1209 2172 1318 2238; x_wconf 81' lang='lat' dir='ltr'>stetim</span> 
     </span>
     <span class='ocr_line' id='line_1_18' title="bbox 224 2274 1318 2367; baseline 0 -21"><span class='ocrx_word' id='word_1_135' title='bbox 224 2281 412 2365; x_wconf 84' lang='lat' dir='ltr'>pronuntiet.</span> <span class='ocrx_word' id='word_1_136' title='bbox 456 2283 486 2348; x_wconf 80' lang='grc' dir='ltr'><strong>Α</strong></span> <span class='ocrx_word' id='word_1_137' title='bbox 531 2283 685 2365; x_wconf 89' lang='lat' dir='ltr'>quomodo</span> <span class='ocrx_word' id='word_1_138' title='bbox 717 2285 945 2367; x_wconf 78' lang='lat' dir='ltr'>pronuntienitl</span> <span class='ocrx_word' id='word_1_139' title='bbox 988 2274 1098 2350; x_wconf 86' lang='lat' dir='ltr'>Voluit</span> <span class='ocrx_word' id='word_1_140' title='bbox 1118 2280 1205 2348; x_wconf 89' lang='lat' dir='ltr'>&#39;enim</span> <span class='ocrx_word' id='word_1_141' title='bbox 1228 2301 1257 2347; x_wconf 87' lang='lat' dir='ltr'>v.</span> <span class='ocrx_word' id='word_1_142' title='bbox 1279 2281 1318 2347; x_wconf 93' lang='grc'>15</span> 
     </span>
     <span class='ocr_line' id='line_1_19' title="bbox 222 2390 1318 2476; baseline -0.002 -18"><span class='ocrx_word' id='word_1_143' title='bbox 222 2390 411 2476; x_wconf 78' lang='lat' dir='ltr'>significare:</span> <span class='ocrx_word' id='word_1_144' title='bbox 452 2394 585 2470; x_wconf 79' lang='lat' dir='ltr'>„Atreus</span> <span class='ocrx_word' id='word_1_145' title='bbox 607 2393 735 2476; x_wconf 75' lang='lat' dir='ltr'>Thyesti</span> <span class='ocrx_word' id='word_1_146' title='bbox 765 2412 889 2459; x_wconf 78' lang='lat' dir='ltr'>earnem</span> <span class='ocrx_word' id='word_1_147' title='bbox 916 2392 1084 2459; x_wconf 85' lang='lat' dir='ltr'>liberorum</span> <span class='ocrx_word' id='word_1_148' title='bbox 1112 2391 1208 2472; x_wconf 85' lang='lat' dir='ltr'>illius,</span> <span class='ocrx_word' id='word_1_149' title='bbox 1241 2409 1318 2474; x_wconf 85' lang='lat' dir='ltr'>quos</span> 
     </span>
     <span class='ocr_line' id='line_1_20' title="bbox 223 2481 1318 2582; baseline -0.002 -16"><span class='ocrx_word' id='word_1_150' title='bbox 223 2500 427 2579; x_wconf 73' lang='lat' dir='ltr'>interfecerat,</span> <span class='ocrx_word' id='word_1_151' title='bbox 460 2499 635 2582; x_wconf 82' lang='lat' dir='ltr'>opposuit;“</span> <span class='ocrx_word' id='word_1_152' title='bbox 674 2519 707 2565; x_wconf 87' lang='lat' dir='ltr'>re</span> <span class='ocrx_word' id='word_1_153' title='bbox 739 2519 811 2564; x_wconf 85' lang='lat' dir='ltr'>vere</span> <span class='ocrx_word' id='word_1_154' title='bbox 841 2499 947 2564; x_wconf 86' lang='lat' dir='ltr'>nutem</span> <span class='ocrx_word' id='word_1_155' title='bbox 961 2481 1146 2582; x_wconf 79' lang='lat' dir='ltr'>significet:</span> <span class='ocrx_word' id='word_1_156' title='bbox 1184 2498 1318 2578; x_wconf 82' lang='lat' dir='ltr'>„Atreus</span> 
     </span>
     <span class='ocr_line' id='line_1_21' title="bbox 226 2606 1318 2691; baseline -0.001 -20"><span class='ocrx_word' id='word_1_157' title='bbox 226 2607 350 2691; x_wconf 78' lang='lat' dir='ltr'>Thyesti</span> <span class='ocrx_word' id='word_1_158' title='bbox 370 2627 478 2673; x_wconf 82' lang='lat' dir='ltr'>cenem</span> <span class='ocrx_word' id='word_1_159' title='bbox 499 2608 652 2691; x_wconf 82' lang='lat' dir='ltr'>apposuit,</span> <span class='ocrx_word' id='word_1_160' title='bbox 674 2609 839 2691; x_wconf 82' lang='lat' dir='ltr'>postquam</span> <span class='ocrx_word' id='word_1_161' title='bbox 861 2607 974 2672; x_wconf 87' lang='lat' dir='ltr'>liberos</span> <span class='ocrx_word' id='word_1_162' title='bbox 990 2606 1199 2689; x_wconf 78' lang='lat' dir='ltr'>(cuiusneme)</span> <span class='ocrx_word' id='word_1_163' title='bbox 1219 2606 1318 2672; x_wconf 87' lang='lat' dir='ltr'>inter-</span> 
     </span>
     <span class='ocr_line' id='line_1_22' title="bbox 224 2713 1315 2800; baseline 0 -20"><span class='ocrx_word' id='word_1_164' title='bbox 224 2717 324 2783; x_wconf 82' lang='lat' dir='ltr'>feoit.“</span> <span class='ocrx_word' id='word_1_165' title='bbox 369 2716 529 2798; x_wconf 81' lang='lat' dir='ltr'><strong>Quomodo</strong></span> <span class='ocrx_word' id='word_1_166' title='bbox 556 2717 660 2784; x_wconf 86' lang='lat' dir='ltr'>eutem</span> <span class='ocrx_word' id='word_1_167' title='bbox 687 2717 745 2783; x_wconf 89' lang='lat' dir='ltr'>hoo</span> <span class='ocrx_word' id='word_1_168' title='bbox 769 2718 867 2783; x_wconf 82' lang='lat' dir='ltr'>letere</span> <span class='ocrx_word' id='word_1_169' title='bbox 894 2715 1031 2800; x_wconf 89' lang='lat' dir='ltr'>potnerit</span> <span class='ocrx_word' id='word_1_170' title='bbox 1051 2713 1210 2794; x_wconf 76' lang='lat' dir='ltr'>Weilium</span> <span class='ocrx_word' id='word_1_171' title='bbox 1245 2733 1315 2780; x_wconf 89' lang='lat' dir='ltr'>enm</span> 
     </span>
     <span class='ocr_line' id='line_1_23' title="bbox 224 2823 1316 2910; baseline 0.001 -21"><span class='ocrx_word' id='word_1_172' title='bbox 224 2827 333 2890; x_wconf 86' lang='lat' dir='ltr'>Aeeeh.</span> <span class='ocrx_word' id='word_1_173' title='bbox 344 2829 403 2910; x_wconf 82' lang='lat' dir='ltr'>Ag.</span> <span class='ocrx_word' id='word_1_174' title='bbox 417 2827 498 2891; x_wconf 88' lang='grc'><strong>1593</strong></span> <span class='ocrx_word' id='word_1_175' title='bbox 510 2827 604 2909; x_wconf 88' lang='grc'><strong>(1561</strong></span> <span class='ocrx_word' id='word_1_176' title='bbox 618 2827 737 2903; x_wconf 87' lang='lat' dir='ltr'>Herm.)</span> <span class='ocrx_word' id='word_1_177' title='bbox 748 2827 880 2905; x_wconf 86' lang='lat' dir='ltr'>efferret,</span> <span class='ocrx_word' id='word_1_178' title='bbox 895 2845 958 2892; x_wconf 93' lang='lat' dir='ltr'>non</span> <span class='ocrx_word' id='word_1_179' title='bbox 972 2825 1049 2892; x_wconf 84' lang='lat' dir='ltr'>sotis</span> <span class='ocrx_word' id='word_1_180' title='bbox 1060 2843 1184 2908; x_wconf 89' lang='lat' dir='ltr'>possum</span> <span class='ocrx_word' id='word_1_181' title='bbox 1198 2823 1316 2890; x_wconf 79' lang='lat' dir='ltr'>mirari.</span> 
     </span>
     <span class='ocr_line' id='line_1_24' title="bbox 225 2933 1316 3018; baseline 0 -20"><span class='ocrx_word' id='word_1_182' title='bbox 225 2934 316 2999; x_wconf 87' lang='lat' dir='ltr'>Vides</span> <span class='ocrx_word' id='word_1_183' title='bbox 329 2935 429 3017; x_wconf 80' lang='lat' dir='ltr'>igitur</span> <span class='ocrx_word' id='word_1_184' title='bbox 448 2933 552 2999; x_wconf 84' lang='lat' dir='ltr'>looom</span> <span class='ocrx_word' id='word_1_185' title='bbox 574 2953 635 3000; x_wconf 93' lang='lat' dir='ltr'>non</span> <span class='ocrx_word' id='word_1_186' title='bbox 657 2935 760 3000; x_wconf 88' lang='lat' dir='ltr'>minus</span> <span class='ocrx_word' id='word_1_187' title='bbox 782 2936 949 3001; x_wconf 80' lang='lat' dir='ltr'>barbarum</span> <span class='ocrx_word' id='word_1_188' title='bbox 963 2953 1057 3018; x_wconf 84' lang='lat' dir='ltr'>quam</span> <span class='ocrx_word' id='word_1_189' title='bbox 1073 2953 1103 3000; x_wconf 83' lang='lat' dir='ltr'>v.</span> <span class='ocrx_word' id='word_1_190' title='bbox 1117 2934 1169 3017; x_wconf 89' lang='grc'>51,</span> <span class='ocrx_word' id='word_1_191' title='bbox 1191 2952 1316 3017; x_wconf 85' lang='lat' dir='ltr'>qneme</span> 
     </span>
     <span class='ocr_line' id='line_1_25' title="bbox 222 3027 1315 3126; baseline -0.001 -18"><span class='ocrx_word' id='word_1_192' title='bbox 222 3042 262 3108; x_wconf 86' lang='lat' dir='ltr'>N.</span> <span class='ocrx_word' id='word_1_193' title='bbox 278 3043 313 3109; x_wconf 76' lang='lat' dir='ltr'>n.</span> <span class='ocrx_word' id='word_1_194' title='bbox 328 3043 374 3110; x_wconf 88' lang='lat' dir='ltr'>St.</span> <span class='ocrx_word' id='word_1_195' title='bbox 396 3043 413 3108; x_wconf 91' lang='lat'>1</span> <span class='ocrx_word' id='word_1_196' title='bbox 435 3060 464 3125; x_wconf 92' lang='lat' dir='ltr'>p.</span> <span class='ocrx_word' id='word_1_197' title='bbox 480 3044 521 3107; x_wconf 81' lang='lat'>28</span> <span class='ocrx_word' id='word_1_198' title='bbox 542 3043 629 3109; x_wconf 90' lang='lat' dir='ltr'>obelo</span> <span class='ocrx_word' id='word_1_199' title='bbox 651 3045 796 3109; x_wconf 81' lang='lat' dir='ltr'>notatum</span> <span class='ocrx_word' id='word_1_200' title='bbox 817 3062 882 3109; x_wconf 89' lang='lat' dir='ltr'>esse</span> <span class='ocrx_word' id='word_1_201' title='bbox 903 3061 1088 3126; x_wconf 82' lang='lat' dir='ltr'>magnopere</span> <span class='ocrx_word' id='word_1_202' title='bbox 1102 3027 1315 3126; x_wconf 83' lang='lat' dir='ltr'>gaudemus¹).</span> 
     </span>
     <span class='ocr_line' id='line_1_26' title="bbox 221 3146 1315 3240; baseline 0 -22"><span class='ocrx_word' id='word_1_203' title='bbox 221 3150 281 3218; x_wconf 83' lang='lat' dir='ltr'>Sed</span> <span class='ocrx_word' id='word_1_204' title='bbox 310 3151 418 3230; x_wconf 85' lang='lat' dir='ltr'>deletis</span> <span class='ocrx_word' id='word_1_205' title='bbox 450 3152 588 3218; x_wconf 83' lang='lat' dir='ltr'>versibus</span> <span class='ocrx_word' id='word_1_206' title='bbox 620 3154 742 3218; x_wconf 84' lang='grc'><strong>12-15</strong></span> <span class='ocrx_word' id='word_1_207' title='bbox 773 3154 980 3218; x_wconf 79' lang='lat' dir='ltr'>necessarium</span> <span class='ocrx_word' id='word_1_208' title='bbox 1005 3154 1061 3233; x_wconf 87' lang='lat' dir='ltr'>ost,</span> <span class='ocrx_word' id='word_1_209' title='bbox 1097 3152 1133 3218; x_wconf 87' lang='lat' dir='ltr'>ut</span> <span class='ocrx_word' id='word_1_210' title='bbox 1164 3171 1219 3236; x_wconf 90' lang='lat' dir='ltr'>pro</span> <span class='ocrx_word' id='word_1_211' title='bbox 1251 3146 1315 3240; x_wconf 76' lang='grc' dir='ltr'>ἔφυ</span> 
     </span>
     <span class='ocr_line' id='line_1_27' title="bbox 221 3259 1315 3344; baseline 0 -20"><span class='ocrx_word' id='word_1_212' title='bbox 221 3279 250 3326; x_wconf 83' lang='grc' dir='ltr'><strong><em>ν.</em></strong></span> <span class='ocrx_word' id='word_1_213' title='bbox 273 3261 320 3339; x_wconf 86' lang='grc'>17,</span> <span class='ocrx_word' id='word_1_214' title='bbox 343 3260 427 3344; x_wconf 88' lang='lat' dir='ltr'>qnod</span> <span class='ocrx_word' id='word_1_215' title='bbox 448 3259 688 3342; x_wconf 80' lang='lat' dir='ltr'>interpolatore</span> <span class='ocrx_word' id='word_1_216' title='bbox 709 3279 738 3325; x_wconf 86' lang='lat' dir='ltr'>v.</span> <span class='ocrx_word' id='word_1_217' title='bbox 762 3261 800 3326; x_wconf 97' lang='lat' dir='ltr'>ll</span> <span class='ocrx_word' id='word_1_218' title='bbox 822 3261 1000 3342; x_wconf 78' lang='lat' dir='ltr'>assumpsit,</span> <span class='ocrx_word' id='word_1_219' title='bbox 1021 3259 1108 3325; x_wconf 83' lang='lat' dir='ltr'>eliud</span> <span class='ocrx_word' id='word_1_220' title='bbox 1131 3259 1315 3326; x_wconf 85' lang='lat' dir='ltr'>voeebnlum</span> 
     </span>
    </p>
   </div>
   <div class='ocr_carea' id='block_1_3' title="bbox 219 3573 1315 4308">
    <p class='ocr_par' dir='ltr' id='par_1_3' title="bbox 219 3573 1315 3941">
     <span class='ocr_line' id='line_1_28' title="bbox 322 3573 1315 3650; baseline 0.002 -18"><span class='ocrx_word' id='word_1_221' title='bbox 322 3581 347 3647; x_wconf 85' lang='grc'>1)</span> <span class='ocrx_word' id='word_1_222' title='bbox 365 3577 491 3650; x_wconf 86' lang='lat' dir='ltr'>Snspeoti</span> <span class='ocrx_word' id='word_1_223' title='bbox 508 3583 574 3636; x_wconf 81' lang='lat' dir='ltr'>sunt</span> <span class='ocrx_word' id='word_1_224' title='bbox 589 3595 646 3634; x_wconf 90' lang='lat' dir='ltr'>non</span> <span class='ocrx_word' id='word_1_225' title='bbox 663 3580 745 3649; x_wconf 67' lang='lat' dir='ltr'>penei</span> <span class='ocrx_word' id='word_1_226' title='bbox 763 3595 867 3647; x_wconf 82' lang='lat' dir='ltr'>versus,</span> <span class='ocrx_word' id='word_1_227' title='bbox 886 3580 934 3648; x_wconf 86' lang='lat' dir='ltr'>qui</span> <span class='ocrx_word' id='word_1_228' title='bbox 950 3578 1090 3649; x_wconf 79' lang='lat' dir='ltr'>portionle</span> <span class='ocrx_word' id='word_1_229' title='bbox 1108 3573 1124 3646; x_wconf 77' lang='grc' dir='ltr'><strong>ἤ</strong></span> <span class='ocrx_word' id='word_1_230' title='bbox 1141 3595 1244 3635; x_wconf 70' lang='lat' dir='ltr'>novem</span> <span class='ocrx_word' id='word_1_231' title='bbox 1254 3595 1315 3634; x_wconf 81' lang='lat' dir='ltr'>een·</span> 
     </span>
     <span class='ocr_line' id='line_1_29' title="bbox 220 3674 1315 3748; baseline 0.001 -17"><span class='ocrx_word' id='word_1_232' title='bbox 220 3675 338 3732; x_wconf 72' lang='lat' dir='ltr'>tentiam</span> <span class='ocrx_word' id='word_1_233' title='bbox 364 3675 542 3748; x_wconf 75' lang='lat' dir='ltr'>pmoeedenti</span> <span class='ocrx_word' id='word_1_234' title='bbox 568 3679 721 3733; x_wconf 69' lang='lat' dir='ltr'>tmeotnnt</span> <span class='ocrx_word' id='word_1_235' title='bbox 748 3675 825 3747; x_wconf 85' lang='lat' dir='ltr'>(vide</span> <span class='ocrx_word' id='word_1_236' title='bbox 842 3674 886 3730; x_wconf 85' lang='lat' dir='ltr'>W.</span> <span class='ocrx_word' id='word_1_237' title='bbox 904 3678 939 3730; x_wconf 77' lang='lat' dir='ltr'>A.</span> <span class='ocrx_word' id='word_1_238' title='bbox 958 3676 991 3732; x_wconf 82' lang='grc' dir='ltr'>Ε.</span> <span class='ocrx_word' id='word_1_239' title='bbox 1014 3694 1042 3747; x_wconf 87' lang='lat' dir='ltr'>p.</span> <span class='ocrx_word' id='word_1_240' title='bbox 1059 3677 1112 3731; x_wconf 76' lang='lat'>205</span> <span class='ocrx_word' id='word_1_241' title='bbox 1131 3683 1197 3746; x_wconf 57' lang='grc' dir='ltr'>ειυς</span> <span class='ocrx_word' id='word_1_242' title='bbox 1227 3675 1315 3746; x_wconf 80' lang='lat' dir='ltr'>spurii</span> 
     </span>
     <span class='ocr_line' id='line_1_30' title="bbox 220 3765 1315 3846; baseline 0.004 -20"><span class='ocrx_word' id='word_1_243' title='bbox 220 3777 285 3827; x_wconf 85' lang='lat' dir='ltr'>sunt</span> <span class='ocrx_word' id='word_1_244' title='bbox 302 3789 406 3842; x_wconf 82' lang='lat' dir='ltr'>omnes,</span> <span class='ocrx_word' id='word_1_245' title='bbox 424 3771 455 3826; x_wconf 86' lang='lat' dir='ltr'>in</span> <span class='ocrx_word' id='word_1_246' title='bbox 471 3773 573 3842; x_wconf 83' lang='lat' dir='ltr'>quibus</span> <span class='ocrx_word' id='word_1_247' title='bbox 590 3772 794 3844; x_wconf 71' lang='lat' dir='ltr'>particulorum</span> <span class='ocrx_word' id='word_1_248' title='bbox 811 3773 969 3828; x_wconf 88' lang='lat' dir='ltr'>ooniunetio</span> <span class='ocrx_word' id='word_1_249' title='bbox 987 3765 1004 3840; x_wconf 79' lang='grc' dir='ltr'><em>ἢ</em></span> <span class='ocrx_word' id='word_1_250' title='bbox 1022 3777 1071 3828; x_wconf 74' lang='grc' dir='ltr'><strong><em>καί</em></strong></span> <span class='ocrx_word' id='word_1_251' title='bbox 1086 3775 1214 3846; x_wconf 74' lang='lat' dir='ltr'>opponet,</span> <span class='ocrx_word' id='word_1_252' title='bbox 1231 3789 1315 3844; x_wconf 69' lang='lat' dir='ltr'>quem</span> 
     </span>
     <span class='ocr_line' id='line_1_31' title="bbox 219 3867 1255 3941; baseline 0.002 -17"><span class='ocrx_word' id='word_1_253' title='bbox 219 3867 369 3938; x_wconf 73' lang='lat' dir='ltr'>Euripiden</span> <span class='ocrx_word' id='word_1_254' title='bbox 386 3885 501 3939; x_wconf 82' lang='lat' dir='ltr'>prorsus</span> <span class='ocrx_word' id='word_1_255' title='bbox 519 3870 641 3941; x_wconf 67' lang='lat' dir='ltr'>ignor-m.</span> <span class='ocrx_word' id='word_1_256' title='bbox 679 3869 809 3926; x_wconf 83' lang='lat' dir='ltr'>Nondum</span> <span class='ocrx_word' id='word_1_257' title='bbox 828 3869 950 3927; x_wconf 85' lang='lat' dir='ltr'>deletum</span> <span class='ocrx_word' id='word_1_258' title='bbox 968 3868 1050 3926; x_wconf 85' lang='lat' dir='ltr'>video</span> <span class='ocrx_word' id='word_1_259' title='bbox 1069 3868 1130 3940; x_wconf 86' lang='lat' dir='ltr'>lph.</span> <span class='ocrx_word' id='word_1_260' title='bbox 1149 3867 1181 3922; x_wconf 81' lang='grc' dir='ltr'>Τ.</span> <span class='ocrx_word' id='word_1_261' title='bbox 1201 3869 1255 3926; x_wconf 82' lang='grc'>680</span> 
     </span>
    </p>

    <p class='ocr_par' dir='ltr' id='par_1_4' title="bbox 220 3958 1001 4132">
     <span class='ocr_line' id='line_1_32' title="bbox 431 3958 1001 4040; baseline 0.004 -22"><span class='ocrx_word' id='word_1_262' title='bbox 431 3958 448 4030; x_wconf 78' lang='grc' dir='ltr'>ἢ</span> <span class='ocrx_word' id='word_1_263' title='bbox 465 3969 512 4018; x_wconf 66' lang='grc' dir='ltr'>καί</span> <span class='ocrx_word' id='word_1_264' title='bbox 528 3961 668 4038; x_wconf 72' lang='grc' dir='ltr'><strong><em>φονεύσας</em></strong></span> <span class='ocrx_word' id='word_1_265' title='bbox 684 3967 732 4022; x_wconf 75' lang='lat' dir='ltr'>oue</span> <span class='ocrx_word' id='word_1_266' title='bbox 750 3967 862 4024; x_wconf 83' lang='grc' dir='ltr'><strong><em>νοσοῦσι</em></strong></span> <span class='ocrx_word' id='word_1_267' title='bbox 881 3959 1001 4040; x_wconf 75' lang='grc' dir='ltr'><strong><em>δείμασι,</em></strong></span> 
     </span>
     <span class='ocr_line' id='line_1_33' title="bbox 220 4059 548 4132; baseline 0 -14"><span class='ocrx_word' id='word_1_268' title='bbox 220 4061 269 4132; x_wconf 78' lang='lat' dir='ltr'>qui</span> <span class='ocrx_word' id='word_1_269' title='bbox 286 4077 351 4118; x_wconf 83' lang='lat' dir='ltr'>enm</span> <span class='ocrx_word' id='word_1_270' title='bbox 370 4059 548 4130; x_wconf 77' lang='lat' dir='ltr'>pneoedenti</span> 
     </span>
    </p>

    <p class='ocr_par' dir='ltr' id='par_1_5' title="bbox 219 4151 1104 4308">
     <span class='ocr_line' id='line_1_34' title="bbox 436 4151 1104 4232; baseline -0.009 -13"><span class='ocrx_word' id='word_1_271' title='bbox 436 4151 555 4226; x_wconf 56' lang='lat' dir='ltr'>²¹0⁰&amp;st</span> <span class='ocrx_word' id='word_1_272' title='bbox 572 4174 604 4214; x_wconf 85' lang='grc' dir='ltr'>σι</span> <span class='ocrx_word' id='word_1_273' title='bbox 622 4155 740 4232; x_wconf 52' lang='lat' dir='ltr'>niceo&amp;</span> <span class='ocrx_word' id='word_1_274' title='bbox 759 4155 839 4222; x_wconf 69' lang='grc' dir='ltr'><strong><em>αὐτὸς</em></strong></span> <span class='ocrx_word' id='word_1_275' title='bbox 856 4162 894 4222; x_wconf 74' lang='grc' dir='ltr'>τίς</span> <span class='ocrx_word' id='word_1_276' title='bbox 911 4163 1000 4220; x_wconf 63' lang='lat' dir='ltr'>oleove</span> <span class='ocrx_word' id='word_1_277' title='bbox 1016 4154 1104 4232; x_wconf 75' lang='grc' dir='ltr'><strong><em>μόνας</em></strong></span> 
     </span>
     <span class='ocr_line' id='line_1_35' title="bbox 219 4251 451 4308; baseline 0.004 -1"><span class='ocrx_word' id='word_1_278' title='bbox 219 4251 380 4308; x_wconf 75' lang='lat' dir='ltr'>nbioiendno</span> <span class='ocrx_word' id='word_1_279' title='bbox 399 4255 451 4308; x_wconf 78' lang='lat' dir='ltr'>eut.</span> 
     </span>
    </p>
   </div>
   <div class='ocr_carea' id='block_1_4' title="bbox 0 0 1544 4960">
    <p class='ocr_par' dir='ltr' id='par_1_6' title="bbox 0 0 1544 4960">
     <span class='ocr_line' id='line_1_36' title="bbox 0 0 1544 4960; baseline 0 1"><span class='ocrx_word' id='word_1_280' title='bbox 0 0 1544 4960; x_wconf 95' lang='lat' dir='ltr'> </span> 
     </span>
    </p>
   </div>
  </div>
 </body>
</html>
