3080 4960
220 603 291 670 Non
312 605 389 688 pute
410 603 590 688 Euripidem
612 617 723 670 mures
740 601 806 668 edii
828 601 1018 669 Hermionae
1036 601 1312 686 dnebnedeineeps

218 713 294 780 lee'n
314 714 381 780 tem
410 713 513 797 ample
543 711 684 778 emtione
702 711 885 794 exposuime,
918 709 972 778 sed
996 713 1028 778 in
1059 711 1187 796 prolege
1217 729 1311 780 unum

218 821 506 906 gravissimumque,
527 839 563 887 er
584 839 648 904 que
668 820 787 888 eeteree
800 819 943 904 pendent,
964 837 1229 888 eemmemernree.
1255 819 1313 887 Oe

218 932 320 997 terum
340 929 393 996 hie
414 931 500 997 loeus
521 929 617 996 etiem
638 929 764 996 meliore
785 930 889 996 utitur
910 945 1049 996 sermone
1075 947 1171 1012 quem
1192 927 1313 1012 prologi

218 1059 337 1108 versus:
369 1042 421 1112 nie
440 1042 574 1126 legimns
597 1041 714 1124 λέκτρα
734 1040 896 1127 τάκείνης,
922 1041 989 1108 illie
1009 1034 1107 1129 ἡμᾶς,
1140 1039 1192 1106 nie
1213 1037 1313 1106 ναίειν

219 1140 311 1214 οἶκον
331 1138 398 1214 ἄνι’
418 1139 528 1238 αὐτῆς,
548 1149 616 1216 illie
636 1147 759 1232 δόμους
778 1151 960 1231 κατασχεῖν.
983 1183 1021 1196 -
1037 1147 1136 1215 Venio
1152 1148 1194 1215 ad
1207 1147 1314 1232 despe-

152 1253 157 1262 '
218 1259 321 1326 retem
344 1258 435 1325 bnine
456 1258 579 1344 prologi
599 1259 713 1334 loeum,
746 1277 837 1344 quem
861 1258 1015 1344 quemodo
1041 1257 1201 1342 scripserit
1221 1257 1314 1324 ituri·

220 1367 305 1453 pidee
330 1385 429 1451 neque
454 1385 512 1452 ege
535 1368 695 1435 enueleeri
723 1386 823 1452 neque
843 1385 1030 1453 quemquem
1051 1365 1312 1450 mrmtigetnrunr

220 1475 310 1559 put03
331 1495 361 1540 r.
381 1474 451 1542 dieo
472 1477 514 1542 49
532 1495 590 1560 sq„
613 1495 690 1560 ques
709 1477 751 1542 K.
774 1477 808 1542 et
827 1476 869 1544 N.
890 1476 936 1542 sie
956 1475 1157 1559 seripeemntz

410 1579 429 1650 ὁ
450 1580 511 1670 γὰρ
531 1579 696 1674 φυτεύσας
715 1577 816 1651 αὐτὸν
837 1575 906 1652 ois’
929 1583 1005 1668 ἐμοὶ
1023 1577 1115 1668 πάρα

325 1696 369 1761 50
409 1693 672 1782 προσωφελῆσαι
692 1692 788 1760 παιδί
807 1693 836 1758 τ’
858 1685 955 1760 οὐδέν
972 1691 1038 1760 ἐστ’
1060 1683 1162 1759 σ’πών
1217 1681 1221 1690 ’

409 1802 550 1890 Δελφῶν
570 1802 638 1869 κατ’
662 1795 757 1884 einr„
770 1799 855 1871 ἔνθα
876 1803 989 1893 Λοξίᾳ
1009 1803 1101 1888 δίκην

409 1911 526 1978 δίδωσι
545 1910 671 1996 μανίας,
694 1896 715 2003 ᾗ
735 1913 812 1980 ποι*
836 1911 870 1992 ἐς
890 1907 1001 1980 Πυθώ
1021 1909 1134 1996 μολών
1165 1933 1168 1940 ’

408 2011 507 2109 ᾔτησε
530 2023 657 2103 Φοῖβον
676 2017 803 2104 πατρὸς
824 2007 864 2090 οὗ
887 2021 1017 2088 ’στένειν
1035 2021 1136 2108 δίκην,

409 2123 446 2196 εἴ
461 2153 535 2208 πως
554 2125 603 2196 τὰ
616 2124 751 2214 πρόσθε
772 2126 935 2219 σφάλματ’
957 2124 1184 2214 ἐξαιτούμενος

322 2241 364 2304 55
405 2234 491 2305 θεὸν
511 2235 703 2324 παράσχοιτ’
725 2237 773 2321 εἷς
792 2236 833 2308 τὰ
853 2236 973 2309 λοιπὸν
994 2231 1128 2330 εὐμενῆ.

220 2349 258 2414 In
283 2349 342 2415 bee
363 2365 508 2415 rmsnum
534 2349 689 2434 scripture
716 2369 822 2418 omues
843 2351 988 2418 ridentur
1008 2350 1209 2434 nequieseere
1251 2347 1313 2416 Sed

221 2457 300 2536 ride,
333 2457 409 2542 quet
438 2458 528 2524 neeri
556 2459 585 2525 ei
615 2459 806 2526 inhaereant.
849 2459 987 2526 Putasne
1012 2479 1042 2526 v.
1064 2460 1106 2526 50
1133 2457 1311 2542 Euripidem

220 2566 378 2651 scripsisse
397 2566 492 2632 παιδί
512 2566 541 2632 ι’
563 2559 658 2633 οὐδέν
677 2566 766 2635 λστῬ
809 2569 911 2650 Quem
933 2567 1017 2636 mele
1037 2569 1096 2636 bue
1118 2568 1238 2634 metum
1259 2567 1312 2647 sit

220 2675 443 2743 animadvertit
470 2677 565 2743 sehet.
593 2677 660 2744 eod.
682 2677 795 2744 Mure:
840 2675 876 2744 ἐκ
911 2670 1119 2764 παραλλήλου
1150 2669 1191 2740 τὸ
1220 2663 1312 2740 eriri.

221 2773 338 2852 ταῦτόν
358 2777 417 2870 γὰρ
437 2784 478 2852 δι’
499 2781 653 2870 ἑκατέρου
674 2785 841 2872 δηλοῦται·
864 2788 964 2852 τοῦτο
985 2779 1047 2870 γὰρ
1067 2775 1256 2854 ἀκόλουθον
1274 2769 1314 2873 ῆν

221 2887 329 2961 εἰπεῖν
349 2889 455 2962 οὕτω·
477 2883 554 2962 eive
575 2893 649 2980 ἐμοὶ
666 2889 757 2980 πάρα
771 2894 1035 2983 προσωφελῆσαι
1048 2883 1128 2962 eive
1142 2893 1189 2980 τῷ
1204 2892 1313 2960 παιδί·

220 3002 240 3089 ἡ
261 3001 302 3070 δὲ
321 2993 460 3090 ἅνάγκη
474 3005 543 3071 τοῦ
556 3004 702 3091 μέτρου
722 3009 790 3094 τῆς
806 2997 1063 3090 παῦτολομίας
1078 3001 1193 3074 αἰσία.
1216 3003 1314 3088 Egre-

218 3113 307 3198 gium
328 3115 480 3182 meberele
499 3114 686 3200 tingeremus
707 3115 887 3200 Euripidem
909 3117 1044 3200 peetem,
1075 3116 1103 3182 si
1130 3115 1212 3182 bene
1239 3131 1314 3182 eeu·

219 3241 288 3288 sem
310 3222 519 3306 preberemus.
561 3222 622 3290 Sed
643 3243 682 3292 ne
705 3223 774 3308 ipse
802 3224 927 3306 quidem
950 3225 1043 3292 verbe
1065 3223 1245 3290 ratisbone
1266 3222 1314 3288 vi·

218 3330 342 3398 dentur.
385 3330 454 3398 Etsi
467 3331 552 3398 enirn
571 3350 633 3398 nen
654 3350 733 3416 nego
754 3322 852 3398 ου’δέυ
873 3329 941 3416 εἰμι
962 3332 983 3400 i.
996 3351 1021 3400 ε.
1039 3331 1153 3416 „perii“
1170 3331 1313 3398 dativum

220 3439 386 3506 admittere
414 3458 510 3524 pesse,
548 3442 653 3506 temen
684 3441 807 3508 nullum
838 3441 871 3508 in
904 3441 996 3508 tnnte
1026 3441 1118 3506 buius
1148 3438 1314 3506 leeuuonis

209 3545 395 3631 'frequentin
426 3549 545 3633 repperi
578 3549 760 3634 exemplum.
814 3534 890 3630 Ἧι,
932 3549 1015 3634 qnod
1042 3568 1072 3614 r.
1098 3549 1140 3616 52
1171 3547 1314 3632 legimus,

221 3656 364 3724 Beistins
385 3657 532 3735 eenieeitr
555 3677 616 3742 que
638 3677 717 3744 quse
739 3657 872 3726 efficitur
893 3657 1046 3726 sententie
1065 3657 1113 3724 ite
1135 3656 1315 3738 eomperete

219 3767 276 3844 est,
299 3765 335 3830 ut
357 3783 430 3831 eum
451 3767 531 3834 bene
553 3785 612 3832 usu
635 3767 791 3852 loquendi,
813 3785 852 3834 ne
873 3766 975 3834 dienm
998 3785 1069 3834 eum
1090 3763 1314 3850 gremmetieee

219 3873 341 3958 legibue
363 3875 488 3960 pugnet
531 3875 640 3960 Neque
662 3875 764 3960 magis
786 3875 888 3960 plneet
910 3873 994 3959 quod
1014 3875 1212 3942 Hermennns
1237 3871 1314 3938 seri·

220 3982 283 4066 psit
304 3976 357 4060 ὅςε
389 3983 489 4050 muto
515 3984 626 4051 melius
653 3977 705 4049 ὅτι
734 3983 983 4050 substitueretur.
1025 3981 1085 4050 Sed
1114 3982 1257 4048 exhibent
1283 3983 1314 4048 et

220 4089 339 4156 eediees
362 4090 474 4174 prieris
496 4091 735 4176 posteriorieqm
756 4091 873 4158 ordinis
895 4093 926 4158 et
945 4091 1063 4158 seholie
1079 4109 1140 4156 uno
1163 4089 1315 4156 eeueeutu

219 4198 384 4266 tentonem
406 4191 454 4288 ῆν,
478 4219 573 4284 ροισι
597 4220 616 4268 e
637 4203 686 4268 tet
707 4200 839 4269 testibus
854 4201 1015 4284 prebntnm
1032 4199 1187 4267 merdieue
1207 4199 1315 4264 tenen·

220 4305 292 4372 dem
315 4327 379 4376 esee
404 4307 517 4376 iudiee.
560 4309 603 4376 st
623 4327 721 4377 neree
746 4310 891 4378 orientur
911 4308 1127 4376 difficultates:
1158 4305 1314 4374 sententie
