3080 4960
743 437 778 492 97

215 607 344 676 Ooeolte
373 609 477 676 autem
509 607 719 692 perferendam
752 605 876 674 uadum
909 607 974 673 soni
1007 606 1083 672 mihi
1116 605 1265 674 fidissimo
1277 603 1310 690 ¹).

214 715 304 798 Quod
324 717 360 781 ut
383 715 484 782 ierrste
506 716 637 796 eveniat,
660 716 692 782 di
711 715 803 782 duint
824 715 978 799 propitii.“
1023 715 1092 782 Iam
1113 715 1307 799 Agamemno

212 826 244 890 in
267 825 436 892 tentorium
458 825 538 892 redit
559 825 724 909 epistulam
747 825 936 908 scripturus:
964 825 1088 891 interim
1112 825 1223 890 ohorua
1246 823 1310 890 eir·

213 935 321 1018 giuum
351 935 451 1000 intrat
479 933 689 1019 paeonumque
718 935 812 1000 canit.
855 934 959 1000 Finito
982 935 1104 1000 oeutioo
1125 951 1225 1014 senex,
1257 932 1310 1016 qni

212 1045 245 1109 in
268 1044 372 1110 eodem
400 1043 534 1110 tentorio
555 1045 650 1127 atque
672 1045 865 1128 Agamemno
893 1044 1011 1110 versari
1038 1043 1194 1126 putandus
1220 1043 1310 1124 esu),

213 1171 282 1218 oum
306 1153 439 1235 epistula
468 1153 623 1235 proaedit3
655 1155 689 1218 at
711 1152 762 1218 vir
786 1171 925 1236 egressus
946 1151 1182 1236 deprehenditur
1203 1170 1223 1217 a
1244 1151 1311 1216 llo·

212 1262 301 1329 nelao
321 1262 353 1326 in
375 1279 517 1328 scaenam
539 1263 686 1340 irruente,
709 1263 763 1344 qni
785 1263 849 1327 seni
864 1261 1028 1345 epistulam
1050 1261 1152 1344 eripit,
1169 1261 1308 1344 ereptam

212 1371 315 1436 solvit
359 1370 505 1454 Sequitur
529 1371 673 1455 dialogus
694 1369 766 1436 mdo
787 1390 806 1436 a
828 1389 858 1436 r.
879 1372 949 1436 308.

313 1480 380 1546 lem
405 1480 490 1546 vides
511 1481 544 1546 in
573 1500 608 1547 ea
634 1499 730 1564 quam
756 1480 846 1546 modo
873 1481 965 1546 dooni
991 1479 1107 1546 exordii
1136 1478 1310 1545 eoniorma·

212 1589 297 1654 tione
320 1589 443 1673 egregie
466 1590 570 1656 omnia
592 1589 767 1671 oonrenire3
793 1589 948 1672 simulque
969 1590 1093 1655 tollitur
1116 1609 1151 1654 ea
1174 1585 1311 1652 diffioul·

212 1699 271 1774 tas,
294 1715 382 1780 quae,
403 1701 554 1780 quantum
570 1697 668 1776 video,
692 1698 776 1763 omni
798 1698 914 1764 exordii
935 1697 1053 1764 formae
1067 1698 1189 1780 praeter
1207 1714 1309 1762 meam

213 1805 361 1870 inhaeret.
404 1804 488 1872 Nam
517 1807 543 1872 si
574 1825 663 1872 senex
692 1807 765 1872 ante
792 1806 942 1889 parodum
972 1825 1042 1872 oum
1068 1806 1200 1889 epistula
1221 1805 1310 1888 abiit,

213 1915 266 1996 qui
289 1914 416 1980 tandem
437 1915 502 1980 lieri
524 1915 636 1998 potest,
657 1916 693 1979 ut
713 1917 783 1999 post
804 1915 931 1998 longum
955 1916 1111 1980 oantieum
1132 1914 1310 1980 altereatio-

214 2041 282 2086 nem
318 2023 383 2088 eius
415 2042 484 2088 eum
510 2024 650 2091 Menelao
678 2025 711 2090 in
741 2042 851 2090 scaeua
877 2024 1036 2090 videamus
1066 2026 1097 2089 et
1126 2023 1310 2090 audiamus?

215 2130 325 2196 Nonne
347 2131 409 2195 iam
432 2129 486 2198 diu
508 2151 524 2198 e
544 2133 656 2198 eastris
671 2133 821 2198 ereessit'i
848 2133 917 2200 Hoo
933 2133 1037 2198 autem
1059 2150 1188 2210 sumere,
1207 2129 1309 2196 lieno·

213 2237 298 2304 laum
327 2241 358 2304 et
384 2259 486 2320 senem
513 2241 594 2306 inter
616 2241 804 2307 seruantes
826 2241 865 2306 ad
888 2243 989 2308 eastra
1017 2239 1117 2306 redire
1138 2257 1236 2322 neque
1258 2257 1310 2304 ve·

216 2348 345 2414 risimile
369 2349 443 2414 mihi
469 2349 590 2416 videtur
612 2367 709 2432 nequo
730 2347 879 2431 probatur
900 2349 965 2416 ullo
987 2348 1129 2432 uestigio.

669 3233 722 3297 llll
744 3233 858 3299 Aaou

445 3349 731 3417 PROLOGORVM
757 3349 1079 3416 EVRIPIDEORVM

315 3535 520 3600 Pertraetatis
542 3535 673 3616 singulis
688 3533 824 3617 prologis
839 3537 870 3599 et
885 3531 1174 3615 interpolationibus
1195 3549 1311 3610 eornm,

216 3621 367 3728 quantum
396 3643 536 3726 equidem
566 3645 722 3726 praestare
752 3644 901 3726 poteram,
933 3641 1065 3724 expulsis
1095 3639 1220 3706 undem
1253 3640 1313 3707 ali·

216 3752 340 3836 quondo
362 3753 402 3816 ad
423 3753 522 3818 artem
544 3753 742 3838 prologorom
765 3751 999 3835 lluripideorum
1023 3749 1143 3827 aeoedo,
1178 3749 1208 3815 h.
1224 3767 1250 3814 e.
1273 3751 1310 3814 ut

216 3860 334 3928 iamin
356 3859 682 3942 praelationomonui,
715 3879 766 3926 eas
797 3859 931 3926 conabor
958 3857 1086 3924 delinire
1111 3856 1203 3940 loges,
1236 3875 1314 3941 quas

236 4039 414 4050 ——n——n—-nn

318 4141 345 4208 l)
364 4137 437 4192 Hine
454 4137 502 4192 ille
521 4155 547 4192 r.
562 4139 626 4192 llt:
646 4133 743 4196 uuerde
760 4133 814 4206 γὰρ
832 4131 924 4208 ἀλόχῳ
944 4132 1032 4194 roirr'
1046 4133 1124 4206 ἐμοῖς
1137 4127 1267 4204 δόμοισιν
1280 4131 1311 4186 el.

316 4237 345 4302 2)
364 4235 425 4290 lloe
442 4235 566 4290 semovit
582 4234 775 4306 interpolator.
814 4233 854 4288 Gi.
874 4250 900 4290 v.
915 4235 998 4302 itaq.
1018 4235 1046 4286 et
1064 4247 1097 4284 ea
1116 4247 1186 4300 quae
1205 4229 1240 4282 de
1258 4227 1311 4282 hoo

219 4331 278 4386 loen
296 4349 322 4402 p.
342 4335 376 4388 87
395 4331 605 4400 disputavimus.

1096 4425 1111 4478 7
