3080 4960
768 384 803 438 98

246 551 394 634 quaestio,
416 553 522 620 utnrm
534 573 639 621 rerem
654 555 695 620 76
710 555 828 622 tradita
848 555 948 624 forma
971 557 1089 622 servari
1101 557 1208 640 possit,
1230 577 1333 626 necne.

243 659 320 726 Mihi
341 660 465 743 quidem
480 663 679 746 participium
694 657 812 745 λαβών,
832 666 997 749 postquam
1011 658 1234 749 ἐξαναρπάσας
1249 687 1336 750 prae·

242 769 341 848 cessit,
364 770 512 854 languere
533 772 564 837 et
584 790 647 838 una
669 792 739 838 cum
758 773 938 856 insequente
963 774 1116 840 sententia
1137 777 1335 842 resecandum

242 878 372 945 ridetur.
407 879 489 946 Puto
509 883 614 947 autem
636 901 686 948 me
708 883 865 965 Euripidis
887 903 1015 950 manum
1037 884 1207 966 restituere,
1227 884 1254 949 si
1272 884 1335 949 col·

241 985 306 1052 lato
328 987 420 1054 huius
443 988 566 1056 fabulae
589 1009 616 1056 v.
638 993 700 1056 419
720 985 835 1074 χρόνον
857 990 995 1056 παλαιὸν
1015 985 1176 1073 δωμάτων
1195 990 1335 1076 τ”κδημος

242 1082 288 1158 ὄν
308 1097 425 1164 scribo:

348 1229 473 1317 Ἑλένην
493 1227 579 1313 πρὸς
591 1222 678 1320 ’‘qug
698 1229 887 1316 βούσταθμ’
912 1230 1052 1320 r'c'udqpoo
1072 1229 1119 1348 dri
1122 1258 1210 1317 μων,

240 1364 331 1447 quod,
357 1366 480 1450 siquid
502 1369 601 1451 video,
630 1388 692 1434 non
713 1369 814 1434 solum
836 1387 908 1434 cum
927 1368 1078 1434 vocabulo
1100 1362 1248 1454 ἔκδημον,
1280 1369 1332 1434 sed

239 1473 333 1540 etiam
355 1493 425 1540 curn
449 1471 672 1558 ἐξαναρπάσας
681 1478 704 1561 ¹)
725 1478 847 1561 egregie
869 1477 1034 1560 conspirat.
1076 1477 1145 1542 lam
1170 1479 1243 1544 bene
1264 1481 1333 1562 post
1455 1517 1463 1534 ·

240 1602 268 1648 v.
291 1583 331 1648 76
352 1585 492 1667 sequitur
511 1587 577 1669 ipsa
600 1585 790 1652 Graecorum
812 1585 978 1668 expeditio:
1011 1586 1224 1668 interpolator,
1257 1587 1331 1671 quin

238 1691 364 1759 adderet
378 1695 511 1762 Menelai
531 1695 751 1774 evocationem,
773 1714 868 1778 quam
890 1695 1029 1760 omisisse
1050 1695 1213 1762 videbatur
1232 1697 1332 1779 poeta,

238 1802 392 1870 abstinere
413 1823 474 1870 non
496 1805 607 1888 potuit.
622 1841 663 1851 -
677 1803 786 1887 Neque
807 1804 912 1869 celabo
928 1803 1142 1887 suspicionem,
1162 1805 1331 1894 quaemihi

238 1909 275 1976 de
297 1931 326 1978 v.
348 1914 389 1979 80
408 1913 530 1981 incidit.
574 1915 685 1980 Nonne
706 1915 871 1997 postquam
893 1912 1012 1978 dictum
1034 1915 1081 1978 est
1102 1902 1236 2002 ᾄξαντες
1258 1913 1332 1996 dopr'

237 2022 429 2106 tautologiae
450 2024 550 2090 simile
570 2025 617 2090 osc
637 2016 733 2107 τὲύχη
758 2016 932 2104 turpilione?
975 2023 1057 2088 Nam
1085 2016 1181 2108 τεύχη
1208 2042 1329 2090 omnem

237 2130 400 2213 complecti
421 2133 558 2200 militum
578 2134 771 2198 armaturam
793 2133 870 2198 satis
899 2133 1022 2200 constat
1054 2130 1108 2216 (cf.
1131 2131 1242 2198 Troad.
1266 2134 1328 2215 ll).

237 2241 296 2307 Sed
316 2241 374 2306 hoc
396 2242 525 2308 fortasse
546 2242 722 2318 tolerabilo;
743 2243 870 2326 gravius
892 2244 947 2320 est,
970 2241 1052 2325 quod
1068 2241 1195 2308 Graecis
1216 2241 1329 2330 ᾄσσεια

236 2347 310 2433 δορί
339 2350 424 2416 aliud
455 2353 556 2431 sonat,
589 2369 682 2430 quam
713 2351 795 2434 quod
823 2353 928 2416 nostro
953 2351 1021 2416 loco
1043 2351 1252 2433 exspectemus
1275 2351 1328 2432 (cf.

237 2459 329 2524 Hom.
347 2460 441 2525 988.
456 2464 490 2524 Κ
510 2461 582 2525 456.
608 2463 643 2522 Λ
659 2461 731 2524 484.
754 2459 836 2524 Eur..
850 2458 965 2525 Phoen.
989 2457 1093 2540 1382).
1129 2459 1234 2541 Atque
1254 2460 1328 2526 Ari·

234 2568 360 2632 stoteles
384 2570 441 2634 aut
460 2569 628 2651 discipulus
650 2567 777 2650 quidam
801 2567 865 2632 cius
886 2566 977 2631 Rhet.
999 2566 1104 2632 11111
1128 2586 1156 2649 p.
1173 2567 1328 2632 14111130

237 2677 332 2742 Bekk.
354 2677 435 2744 hanc
457 2678 548 2744 affert
569 2695 674 2744 versus
693 2676 792 2742 nostri
812 2676 962 2742 formam:

418 2802 615 2876 τοτ’·ττεῦθεν
636 2796 698 2876 οὖν
711 2804 861 2898 Ἕλληνας
883 2799 1017 2899 ᾄξαντες
1037 2807 1146 2888 ποσίν,

236 2965 315 3030 quac
337 2946 412 3028 quin
434 2945 569 3029 genuina
590 2945 632 3010 sit
653 2945 692 3010 iis
713 2943 751 3011 de
773 2943 883 3028 causis,
911 2963 988 3028 quas
1009 2963 1101 3028 supra
1121 2943 1255 3026 exposui,
1279 2944 1329 3008 rix

235 3055 392 3130 dubitcm3
423 3053 604 3136 praesertim
633 3071 704 3118 cum
727 3053 869 3136 Euripidi
898 3052 1082 3119 vocabulum
1111 3045 1200 3129 πούς
1224 3053 1270 3118 ita
1296 3053 1327 3118 iu

236 3163 355 3229 deliciis
375 3163 480 3244 fuerit,
513 3161 548 3224 ut
575 3160 763 3226 comicorum
788 3159 960 3225 ludibrium
981 3177 1041 3224 non
1063 3159 1156 3224 semel
1181 3176 1329 3241 provoca·

236 3274 325 3339 verit.
360 3309 400 3319 -
434 3271 472 3337 V.
495 3271 536 3335 83
567 3288 637 3334 cum
664 3269 843 3335 Hermanno
872 3269 902 3334 et
930 3267 1107 3352 Hartnngo,
1141 3269 1193 3351 qui
1223 3269 1327 3333 tamen

235 3383 341 3466 postea
362 3381 547 3447 sententiam
568 3379 713 3457 mutauit,
736 3377 831 3444 deleo.
860 3377 963 3444 Unum
978 3379 1199 3460 argumentum
1211 3379 1327 3443 rectam

235 3511 299 3558 esse
321 3492 400 3556 banc
424 3489 633 3557 coniecturam
653 3486 897 3553 luculentissime
917 3487 1046 3553 evincit:
1073 3479 1167 3570 ὁμοῦ,
1191 3486 1272 3570 quod
1294 3487 1326 3551 in

235 3599 296 3666 dne
317 3617 422 3664 reram
444 3596 653 3682 praecedentis
667 3595 809 3679 legimus,
834 3594 907 3661 addi
922 3597 1093 3680 quidquam
1112 3615 1173 3662 non
1195 3597 1328 3679 patitur;

236 3705 348 3772 ναυσίν
362 3706 401 3774 ad
423 3708 551 3774 classem
567 3705 765 3784 Graecorum,
787 3695 923 3770 ἀσπίσιν
944 3704 983 3771 ad
1006 3705 1172 3771 exercitum
1194 3705 1327 3771 referen-

234 3817 308 3886 dum
331 3817 378 3884 est
400 3816 453 3898 (cl.
477 3817 591 3882 Phoen.
608 3817 656 3881 78.
677 3814 801 3880 Heracl.
814 3815 900 3898 932).
919 3849 953 3862 ·-
972 3813 1050 3882 Cum
1072 3831 1109 3880 ne
1130 3832 1188 3899 ego
1202 3813 1326 3896 quidem

336 4082 362 4151 1)
381 4079 446 4136 Noli
463 4079 516 4134 hoc
533 4079 635 4136 lectum
654 4078 828 4146 vocabulum,
847 4077 921 4148 quod
934 4075 1082 4148 Euripides
1100 4075 1129 4132 in
1146 4091 1227 4132 auum
1245 4091 1325 4128 naum

234 4176 393 4248 procudisse
411 4175 533 4242 ridetur,
558 4177 716 4248 neglegere:
744 4169 797 4230 ἀνά
822 4174 858 4230 ad
875 4175 962 4232 rerba
979 4169 1047 4244 πρὸς
1060 4165 1134 4240 ’11ης
1152 4165 1326 4242 pudoreque,

139 4275 145 4290 '
234 4275 263 4334 ἐξ
279 4273 314 4330 sd
333 4273 457 4346 ἔκδημον
474 4267 571 4344 δόμων
589 4274 719 4344 pertinet
756 4271 846 4342 [aegas
863 4271 947 4328 velim
966 4271 1027 4328 Hel.
1049 4269 1231 4324 leco-leon
