3080 4960
747 366 782 420 40

216 554 340 621 operam
362 537 477 617 darem,
510 508 704 620 persuaserat
726 537 901 604 Schmidius
929 538 1032 606 totum
1054 537 1196 623 Euripidi
1223 537 1313 604 abiu·

218 645 384 713 dicandum
415 664 493 720 esse:
528 664 610 710 nunc
636 644 761 712 meliore
782 647 980 730 prologorum
1003 645 1238 730 Euripideorum
1260 663 1312 710 co·

215 755 356 838 gnitione
377 754 516 822 imbutus
538 754 629 821 aliter
644 755 753 821 sentio.
783 755 935 820 Tenemus
950 774 1023 821 sana
1043 754 1127 820 Ionis
1149 753 1312 838 prologum

217 861 325 929 multis
349 865 380 928 et
402 863 624 929 additamentis
645 864 676 929 ot
697 863 969 930 immutationibus
986 863 1191 947 posteriorum
1205 881 1313 928 macu-

216 973 317 1039 latum
339 992 437 1055 neque
458 973 541 1037 nllus
564 971 712 1055 prologus
733 971 920 1038 luculentius
935 971 1057 1055 probat,
1080 971 1163 1056 quod
1177 971 1210 1035 in
1224 989 1313 1055 prae·

217 1083 336 1148 tatione
355 1081 427 1166 dixi,
460 1081 570 1147 sciolos
592 1082 647 1147 aut
672 1101 744 1146 suae
771 1081 931 1148 doctrinae
953 1081 1087 1146 frustula
1108 1082 1163 1146 aut
1185 1099 1220 1146 or
1247 1079 1315 1164 ipsa

217 1190 323 1257 fabula
345 1190 443 1273 petita
465 1190 602 1274 prologis
624 1190 798 1256 intrusisse:
835 1191 941 1256 tamen
967 1209 1065 1273 nequa
1091 1189 1165 1256 ordo
1187 1189 1315 1273 genuini

218 1299 340 1383 prologi
361 1301 501 1366 mutatus
521 1300 567 1364 est
597 1300 628 1365 et
658 1299 774 1365 multos
800 1318 906 1365 versus
933 1300 989 1366 aut
1014 1298 1155 1382 Euripidi
1179 1298 1314 1364 tribuere

218 1410 274 1475 aut
295 1409 328 1504 in
350 1408 482 1475 formam
505 1409 703 1493 Euripideum
725 1408 863 1492 redigere
886 1407 1055 1474 certissime
1076 1407 1158 1474 licet.
1179 1442 1216 1454 -
1232 1406 1317 1473 Mer·

219 1519 323 1584 eunus
344 1518 443 1602 igitur
466 1517 679 1602 προλογίζων,
711 1517 877 1600 postquam
903 1516 1014 1599 primis
1039 1516 1155 1598 septem
1178 1516 1316 1582 versibus

219 1629 249 1694 et
272 1646 369 1711 genus
391 1646 480 1693 snum
503 1628 534 1692 et
556 1627 659 1692 locum
681 1626 813 1693 actionis
834 1625 959 1694 fabulae
980 1624 1129 1708 exposuit,
1150 1625 1221 1691 inde
1243 1645 1262 1691 a
1285 1644 1314 1691 v.

219 1737 322 1803 8-75
345 1736 470 1820 partum
494 1737 578 1804 Ionis
605 1737 636 1801 et
657 1736 724 1801 fata
746 1735 812 1801 eius
834 1735 1004 1819 matrisque
1027 1733 1159 1802 (lreusaa
1178 1735 1314 1802 enarrat.

220 1843 388 1911 Postremis
409 1845 531 1928 prologi
553 1845 691 1911 versibus
707 1845 829 1911 76-81
846 1845 1009 1910 consilium
1026 1863 1042 1910 o
1058 1861 1169 1910 scaena
1183 1843 1317 1909 abeundi

220 1954 445 2036 spectatoribus
464 1954 578 2040 prodit.
623 1953 716 2019 Vides
740 1954 959 2037 argumentum
981 1954 1012 2018 et
1037 1951 1176 2018 ordinem
1194 1952 1317 2035 prologi

220 2063 312 2146 plane
333 2061 543 2144 Euripideum.
587 2063 634 2126 Ac
655 2062 770 2145 primos
793 2061 917 2145 quidem
938 2060 1062 2127 fabulae
1085 2079 1190 2126 versus
1205 2079 1241 2126 ea
1256 2045 1317 2143 pua

220 2171 254 2234 in
276 2169 432 2236 codicibus
455 2170 576 2236 exstant
598 2171 699 2240 dorma
720 2170 849 2238 tolerari
871 2189 932 2236 non
951 2188 1038 2254 posse
1052 2170 1129 2235 satis
1147 2169 1318 2235 docuerunt

222 2279 282 2344 viri
303 2277 403 2359 docti;
440 2277 621 2359 Euripideos
643 2295 706 2342 esse
742 2296 832 2344 nemo
865 2278 919 2361 qui
949 2295 1066 2343 morem
1089 2277 1181 2342 buius
1210 2275 1319 2358 poetae

222 2387 311 2452 norit
331 2386 468 2469 negabit.
511 2387 556 2452 Ut
578 2385 688 2451 stetim
707 2405 809 2452 meam
831 2386 1018 2452 sententiam
1041 2385 1208 2468 proferam:
1242 2384 1318 2467 puto

222 2496 348 2580 periisse
369 2494 443 2561 olim
465 2514 540 2561 casu
562 2495 668 2579 aliquo
689 2498 861 2578 postremas
883 2495 975 2578 primi
998 2496 1029 2560 et
1055 2493 1183 2561 alterius
1213 2511 1320 2560 versus

223 2604 369 2688 syllabas,
399 2605 507 2687 postea
528 2603 666 2670 inlausta
688 2604 830 2671 Minerva
852 2624 915 2670 esse
936 2603 1102 2688 suppletas.
1146 2601 1320 2669 Dolendum

222 2714 320 2797 igitur
342 2713 445 2779 iudico
469 2704 607 2795 οὐρανόν
628 2713 659 2778 et
679 2712 802 2796 τρίβων
819 2716 920 2793 θεῶν,
944 2715 1043 2780 cetere
1067 2714 1103 2778 ut
1124 2713 1220 2795 proba
1238 2729 1321 2778 mor·

224 2821 311 2887 dicus
332 2821 474 2886 tenenda.
518 2820 704 2887 Coniectura
725 2822 830 2888 autem
852 2822 892 2888 N.
915 2841 989 2888 usus
1011 2821 1193 2889 dubitanter
1216 2837 1321 2886 versus

223 2931 268 2995 sic
289 2930 435 2996 restituo:
1122 2949 1127 2958 ·

413 3029 539 3117 ’Ἀτλας
559 3034 578 3104 d
600 3037 764 3120 χαλκέοισι
786 3035 938 3107 νώτοισιν
959 3040 1071 3128 φέρων

424 3151 517 3214 θεῶν
537 3144 680 3215 παλαιὸν
701 3140 795 3216 οἶκον
816 3146 853 3218 ἐκ
879 3150 1058 3224 Τιτανίδων
1077 3152 1144 3220 κτλ.

188 3269 194 3277 ’
224 3261 306 3326 Puto
332 3260 415 3326 enim
443 3260 502 3326 boc
524 3261 711 3327 vocabulum
732 3262 771 3327 de
792 3260 920 3329 Pleiona
944 3261 1011 3328 lilia
1034 3262 1185 3330 Titanum
1207 3263 1323 3330 Oceani

225 3371 256 3436 et
278 3371 414 3455 Tethyis
439 3371 538 3436 matrs
559 3370 671 3454 Maiae,
693 3373 775 3437 reete
796 3373 940 3456 usurpari
961 3391 1057 3456 posse.
1086 3373 1170 3440 Nam
1189 3373 1216 3439 si
1230 3373 1323 3439 Euri·

224 3479 310 3563 pides
332 3479 550 3546 Prometheum
578 3483 697 3545 Τιτᾶνα
718 3481 797 3562 (Ion.
819 3482 906 3562 455),
927 3481 1062 3565 Meropis
1083 3483 1150 3565 (qui
1172 3501 1211 3548 ne
1227 3482 1322 3549 Titan

226 3588 350 3672 quidem
372 3588 431 3670 est)
454 3587 553 3655 filiam
572 3587 726 3654 Τιτανίδα
744 3584 865 3673 κούραν
879 3590 963 3674 (Hel.
980 3591 1055 3672 382)
1076 3589 1223 3674 appellat,
1245 3593 1322 3659 satis

225 3699 437 3783 intellegimus
469 3717 531 3764 non
559 3700 740 3766 accuratum
768 3719 832 3766 esse
861 3700 942 3783 apud
971 3719 1041 3766 aum
1063 3700 1154 3767 buius
1176 3700 1322 3767 vocabuli

226 3826 317 3874 usum
326 3811 360 3889 ¹).
409 3808 589 3892 Euripidem
617 3809 721 3875 autem
751 3809 1010 3890 matrem-{Maiae
1037 3812 1182 3878 accurate
1213 3810 1322 3878 notare

226 3917 360 3982 noluisse
381 3918 517 3984 ostendit
539 3919 708 4001 perdenti.
732 3919 847 3985 -Vir
870 3919 1035 4003 quisquam
1055 3919 1222 4000 dubitabit,
1245 3923 1321 4005 quin

228 4025 419 4093 Wecklinius
440 4046 470 4094 v.
493 4028 512 4093 5
533 4027 617 4093 recte
638 4025 682 4092 sic
703 4026 929 4094 emendaverit:

230 4179 428 4196 ,..........-

328 4254 356 4331 1)
375 4254 416 4311 cf.
435 4260 580 4330 praeterea
597 4257 690 4328 hymn.
710 4255 796 4332 Orpb.
807 4255 925 4314 XXXVI
941 4258 966 4314 2.
980 4255 1097 4329 Hesyob
1110 4276 1131 4313 s.
1142 4275 1169 4316 r.
1183 4255 1322 4314 Τιτανίδα.
