3080 4960
776 393 810 447 75

246 566 381 648 quinque
403 565 496 649 primi
517 584 638 630 versus:
658 567 753 630 immo
774 566 899 648 singule
921 566 983 630 iore
1000 564 1152 630 vooobulo
1172 559 1231 629 τὸν
1244 556 1339 646 Εὐρι-

247 672 375 738 πίδειον
396 675 530 758 produnt
550 677 742 763 χαρακτῆρα.
787 677 831 741 llo
854 675 955 759 magis
969 674 1103 756 suspeoti
1117 673 1190 738 sunt
1202 693 1233 741 v.
1246 675 1338 756 6-9,

247 783 356 865 quibus
379 783 520 850 Beoohus
539 783 673 863 nomine,
706 803 826 867 genere,
857 783 924 850 loeo
954 783 1086 849 aetionis
1108 781 1244 866 exposito
1265 783 1339 865 quid

246 891 278 957 in
298 910 409 958 sooenu
430 893 556 960 videant
577 892 764 976 spectatores
785 892 942 960 indioatt.

444 1023 511 1109 ὁρῶ
534 1017 570 1092 δὲ
590 1023 714 1112 μητρὸς
733 1029 843 1116 μνῆμα
863 1027 922 1112 τῆς
943 1026 1113 1110 κεραυνίας

443 1129 511 1200 τόδ’
534 1131 625 1221 epple
646 1130 747 1203 οἴκων
767 1135 821 1202 καὶ
843 1132 955 1219 δόμων
976 1134 1114 1219 ἐρείπια,

443 1241 612 1332 τυφόμενα
634 1245 715 1312 Δίου
739 1241 847 1330 πυρός
870 1242 920 1312 ἔτι
941 1245 1048 1328 ζῶσαν
1069 1239 1185 1332 φλόγα,

443 1345 615 1420 &Sorores
628 1349 739 1438 Ἥρας
759 1353 869 1440 μητέρ’
892 1350 939 1431 εἷς
961 1348 1042 1438 ἒμὴν
1064 1347 1170 1436 ὕβριν.

247 1489 299 1555 Sic
318 1490 366 1556 illi
388 1509 493 1556 versus
513 1489 586 1556 inde
601 1509 619 1555 a
633 1489 783 1557 Bernesio
797 1489 831 1555 in
846 1489 1034 1557 editionibus
1047 1488 1203 1573 leguntur.
1230 1486 1341 1570 Itaque

246 1599 271 1664 si
294 1598 376 1665 huno
397 1599 500 1664 locum
515 1600 682 1684 sequimur,
704 1601 936 1683 conspiciuntur
949 1601 981 1665 in
996 1618 1108 1666 scaena
1122 1598 1153 1664 et
1166 1593 1341 1681 sepulerum

247 1705 379 1772 Semeles
400 1708 431 1771 et
454 1708 563 1773 domus
585 1707 649 1774 eius
670 1707 778 1773 ruinae
800 1707 965 1774 sumentes.
1008 1706 1045 1772 ld
1071 1707 1171 1788 ipsum
1198 1701 1279 1768 hane
1300 1703 1339 1768 ob

247 1833 370 1881 oausam
392 1836 512 1898 moneo,
545 1818 626 1901 quod
649 1816 842 1882 Weoklinins
865 1817 959 1900 praef.
982 1815 1095 1882 Bacch.
1118 1834 1146 1897 p.
1171 1814 1210 1879 14
1230 1811 1342 1898 μνῆμα

246 1925 277 1989 et
306 1922 434 2005 ἐρείπια
465 1925 547 1990 idem
576 1944 641 1991 esse
671 1923 795 1989 ridetur
827 1924 1026 2001 existumare3
1060 1925 1105 1989 sie
1135 1923 1216 1988 euim
1249 1921 1340 1987 dioit:

250 2031 372 2110 ,Neben
386 2034 455 2100 dem
469 2033 606 2119 Poloste,
628 2033 882 2101 wobrsobeiolieb
893 2034 954 2117 auf
971 2033 1027 2100 der
1048 2031 1171 2100 rechten
1184 2030 1337 2108 Perimere,
1351 2017 1353 2022 ¹

246 2141 287 2206 ist
309 2143 366 2208 dos
380 2142 536 2210 Blitemol
556 2145 612 2209 der
626 2143 742 2210 Semele
762 2144 958 2228 nepem-acio,
980 2141 1155 2209 rauobertdo
1170 2139 1339 2220 llo-irmino,

247 2251 357 2316 welche
376 2253 560 2335 unrfmede'pt
580 2254 647 2318 und
666 2273 726 2318 oon
748 2254 846 2318 einem
864 2251 1057 2319 Wetnstoelee
1072 2249 1218 2318 umroolet
1237 2249 1340 2316 sind!

246 2359 314 2424 Hoo
336 2361 382 2426 est
403 2361 582 2430 oblitterare
603 2361 814 2441 difficultates,
840 2382 902 2428 non
925 2363 1050 2428 solvere.
1094 2361 1132 2426 V.
1154 2362 1174 2426 8
1194 2359 1341 2443 praebent

244 2469 363 2535 eodieee
392 2470 464 2554 post
489 2471 674 2535 vocobulum
703 2469 783 2535 Δίου
811 2470 999 2552 perticulam
1028 2492 1080 2544 τες
1112 2469 1215 2535 deleta
1244 2467 1291 2532 est
1322 2486 1340 2532 e

247 2577 394 2644 Bernesio
415 2579 455 2644 ad
477 2579 611 2644 metrum
631 2578 867 2643 restituendum.
895 2577 955 2644 Sed
975 2598 1013 2644 ne
1034 2579 1079 2644 sio
1094 2576 1220 2662 quidem
1235 2595 1341 2642 versus

246 2705 338 2751 sanus
353 2687 408 2752 est.
434 2687 523 2769 Nego
538 2685 621 2751 enim
636 2687 761 2753 omnino
777 2687 924 2771 coniungi
939 2707 1026 2771 posse
1039 2680 1207 2772 τύφεσθαι
1222 2678 1340 2772 φλόγα.

247 2795 328 2861 Nem
348 2795 427 2863 illud
449 2796 488 2861 ad
510 2796 615 2879 ignem
637 2795 770 2878 pertinet
791 2797 972 2879 gliscentem
995 2783 1190 2880 multumque
1218 2794 1342 2860 fumum

247 2905 465 2985 procreantem,
482 2904 539 2970 hoo
550 2901 588 2967 ed
603 2901 763 2968 flammam
778 2903 819 2970 ed
836 2903 955 2970 eaelum
971 2904 1185 2971 escendentem
1196 2902 1229 2984 ¹).
1253 2901 1342 2986 Quod

245 3013 310 3078 sine
330 3013 423 3079 dubio
444 3011 666 3078 animadvertit
684 3011 778 3095 isqui
798 3013 986 3094 perticulam
1006 3012 1043 3076 τὲ
1063 3011 1205 3077 inseruit.
1231 3009 1342 3076 Ilalsus

245 3123 292 3188 est
323 3123 480 3205 praetereo
512 3139 617 3186 versus
649 3121 826 3204 insequeus;
857 3141 930 3186 nem
963 3122 1138 3204 sepulerum
1171 3120 1203 3186 et
1233 3119 1342 3185 ruinae

246 3227 356 3296 domus
377 3229 510 3295 Semeles
533 3247 593 3294 non
621 3229 695 3294 sunt
720 3224 830 3311 ὕβρις
844 3223 970 3312 Ἥρας,
1002 3229 1055 3294 sed
1080 3229 1191 3311 signa
1217 3222 1343 3309 ὕβρεως

239 3331 359 3419 Ἥρας.
386 3337 455 3403 Hoo
468 3337 495 3402 si
509 3337 690 3420 legeremus,
713 3339 788 3404 bene
803 3337 940 3421 positum
959 3338 1038 3404 esset
1052 3336 1242 3403 adieetivum
1256 3327 1343 3400 eoo-

246 3465 355 3526 νατος;
378 3462 459 3510 nuno
481 3443 514 3507 in
537 3443 721 3509 sententiam
745 3463 806 3510 uon
822 3444 997 3528 quaeram).
1019 3443 1080 3511 Sed
1095 3443 1159 3510 iam
1172 3442 1342 3522 videamus,

246 3553 400 3638 quomodo
422 3572 493 3619 oum
523 3553 562 3620 iis
590 3573 669 3637 quse
691 3552 739 3620 bis
763 3553 902 3620 versibus
933 3554 1127 3638 exponuntur
1157 3553 1275 3619 ceterae
1295 3553 1343 3619 lu·

245 3663 337 3729 bulae
358 3663 461 3747 partes
483 3663 678 3728 convenient.
724 3661 772 3728 Ao
793 3663 927 3746 primum
950 3664 1074 3747 quidem
1096 3661 1134 3729 do
1164 3661 1263 3728 ruinis
1288 3661 1344 3728 ‹lo-

247 3791 316 3838 mus
347 3771 482 3839 Semeles
513 3773 634 3856 praeter
666 3771 749 3838 huno
780 3771 883 3838 looum
919 3772 998 3840 nibil
1030 3771 1188 3840 audimus:
1224 3789 1343 3854 sempor

246 3875 344 3965 σηκός
375 3879 423 3946 vol
456 3875 564 3968 τάφος
595 3882 855 3948 commemoratur
888 3879 953 3964 (11.
975 3881 1047 3948 597.
1070 3879 1157 3960 623).
1207 3881 1245 3946 lu
1276 3881 1342 3962 ipso

254 4069 448 4078 ————--

351 4183 376 4250 1)
394 4181 435 4238 Cf.
454 4181 522 4240 Eur.
541 4180 614 4253 0501.
634 4185 696 4242 ooo.
715 4183 781 4240 Heu
799 4185 861 4240 4⁷8.
879 4183 1071 4256 Metoplrorioe
1089 4181 1164 4240 Plut
1182 4181 1250 4240 Suu.
1269 4183 1294 4238 6.

346 4279 378 4349 2)
397 4277 438 4333 Gi.
458 4278 578 4336 similem
596 4279 768 4336 looum·Hsl.
787 4281 848 4337 987.
