3080 4960
758 395 792 446 76

229 562 332 626 autem
365 561 534 642 sepulcro
558 560 690 626 Semeles
716 561 882 627 flammea
904 563 1027 627 Baccho
1057 564 1161 645 postca
1189 583 1249 628 non
1272 583 1323 628 ex-

228 669 354 748 citatur,
378 666 460 752 quod
482 669 603 751 prologi
625 669 691 734 loco
714 669 867 736 adductus
890 669 1004 749 credas,
1031 671 1084 735 sed
1107 671 1323 737 incenditur

228 773 380 863 (ἅπτεται
400 778 463 842 594
481 796 526 860 sq.
548 778 623 858 624)
635 779 667 858 ¹).
711 778 822 861 Itaque
849 777 926 842 mihi
943 778 1079 861 'quidem
1102 779 1263 862 Euripides
1285 780 1323 844 dc

228 887 421 952 fumantibus
443 886 564 952 aedium
589 887 687 951 ruinis
707 886 785 951 nihil
808 885 930 952 videtur
942 885 1055 951 dixisse
1068 905 1165 969 neque
1180 887 1321 965 voluisse,

227 998 263 1061 ut
286 995 472 1078 spectatores
493 995 526 1086 in
548 1013 658 1060 scaena
675 991 898 1078 conspicerent;
921 987 1019 1080 σηκός
1034 994 1167 1061 Semeles
1188 995 1236 1060 illi
1257 997 1324 1060 suf·

227 1105 366 1185 ficiebnt3
388 1103 593 1187 posteriorum
613 1104 717 1170 autem
733 1105 908 1188 temporum
922 1103 1086 1169 histriones
1101 1105 1132 1168 et
1147 1104 1321 1171 scaenicum

227 1213 411 1296 apparatum
433 1231 543 1278 auxere
565 1213 596 1278 et
618 1231 668 1278 eos
695 1232 771 1296 quos
794 1213 857 1278 dixi
880 1231 984 1278 versus
1006 1213 1160 1280 addidere.
1196 1249 1232 1260 -
1268 1214 1323 1280 Sc·

228 1321 340 1386 cuntur
360 1321 423 1386 tres
445 1339 550 1395 versus
571 1323 685 1405 integri
711 1323 841 1402 10-12,
876 1321 988 1405 quibus
1013 1341 1090 1405 quae
1112 1323 1151 1388 ad
1180 1343 1321 1390 scaenam
1340 1337 1345 1356 ⁸

227 1429 459 1502 describendam
482 1430 654 1495 necessaria
678 1432 751 1495 sunt
773 1431 849 1496 satis
872 1433 1077 1514 exponuntur:
1112 1452 1243 1498 namne
1265 1433 1323 1498 hoc

227 1537 350 1621 quidem
373 1537 598 1620 neglegendum
620 1538 675 1617 est,
699 1539 789 1621 quod,
813 1539 838 1603 si
861 1540 1149 1620 1111111116-9,
1165 1540 1212 1606 bis
1234 1539 1323 1606 dein-

230 1665 308 1728 ceps·
326 1646 536 1730 spectatorum
565 1647 646 1711 oculi
672 1647 703 1711 in
733 1648 905 1730 sepulcrum
930 1649 1062 1714 Semeles
1089 1650 1323 1728 convertuntur,

228 1773 257 1819 1.
279 1755 308 1819 5.
332 1755 351 1819 6
372 1749 494 1838 μητρὸς
515 1754 625 1843 μνῆμα
645 1755 703 1844 τῆς
724 1755 892 1838 κεραυνίας
914 1750 1003 1820 τόδε
1034 1757 1098 1842 (cui
1120 1758 1195 1826 satis
1216 1757 1324 1840 putide

229 1863 355 1928 additur
377 1857 470 1947 ἑγγύς
490 1857 611 1948 οἴκων),
635 1884 665 1930 1.
689 1867 728 1930 10
751 1849 852 1930 πέδον
874 1860 981 1931 τόδε.
1018 1867 1077 1933 Sed
1099 1886 1196 1933 novae
1217 1867 1324 1932 oriun-

228 1974 281 2037 tur
303 1974 503 2041 difficultates
524 1974 596 2041 inde
618 1997 637 2042 a
659 1996 688 2068 V:
703 1977 751 2057 13,
774 1996 834 2060 quo
854 1978 922 2042 loco
944 1977 1018 2059 quid
1040 1977 1082 2040 sit
1103 1975 1323 2060 reprehenden-

229 2082 302 2147 dum
331 2083 445 2165 optime
473 2085 614 2166 exposuit
640 2085 794 2150 Usenerus
821 2085 901 2150 Mus.
924 2085 982 2150 Rb.
1004 2085 1115 2150 XXIII
1142 2105 1171 2167 p.
1195 2085 1255 2149 158
1276 2103 1322 2168 sq.

229 2191 315 2256 Idem
347 2191 424 2256 duas
458 2197 563 2257 nostro
594 2193 662 2258 loco
696 2195 814 2257 exstare
845 2193 981 2258 eiusdem
1009 2193 1179 2258 sententiae
1207 2191 1323 2258 immas

228 2302 372 2385 probavit
404 2303 435 2368 et
461 2301 617 2385 Euripidis
650 2321 713 2367 esse
746 2319 773 2366 1.
799 2303 847 2365 13.
871 2303 921 2367 20.
944 2303 984 2367 26
1007 2321 1060 2385 sq.‚
1093 2302 1323 2386 interpolatoris

230 2429 257 2475 1.
277 2411 407 2475 14--19.
431 2412 554 2475 21-25
577 2389 691 2475 dodnit.
736 2409 812 2476 Cum
835 2401 941 2475 antem
961 2405 1163 2476 novissimum
1183 2412 1323 2476 Baccha-

227 2540 296 2587 rum
329 2519 486 2599 editorem,
522 2521 740 2604 Wecklinium,
773 2522 854 2586 banc
881 2521 1054 2603 perturbati
1081 2521 1142 2586 loci
1171 2520 1323 2586 medelam

227 2648 367 2711 respuere
398 2629 441 2694 et
455 2629 495 2695 ad
521 2629 662 2694 Piersoni
692 2629 910 2710 coniecturam,
944 2629 998 2712 qui
1020 2650 1048 2694 1.
1072 2631 1113 2694 20
1139 2629 1322 2711 11111122

228 2738 339 2820 posuit,
363 2738 526 2822 confugere
548 2739 679 2816 videam,
703 2739 829 2805 Useneri
850 2740 1022 2816 inventum,
1044 2741 1126 2824 quod
1145 2759 1323 2806 unumrec·

227 2846 295 2911 tum
317 2845 424 2924 habeo,
447 2845 535 2911 novis
557 2846 751 2930 argumentis
769 2848 897 2929 probare
918 2848 1056 2914 studebo.
1085 2847 1135 2912 Ad
1150 2867 1178 2914 1.
1193 2849 1231 2912 13
1246 2847 1322 2916 haec

228 2949 357 3020 adnotat
377 2953 580 3019 Wecklinius:
619 2945 705 3035 „Mit'
722 2953 829 3019 λιπών
849 2957 931 3022 acted
951 2955 1141 3040 pewbbnlicb
1162 2956 1219 3021 der
1239 2955 1321 3022 Aus-

215 3053 217 3060 ’
227 3063 426 3147 9119111111
448 3063 626 3129 1111111111.
657 3063 816 3148 Dionysos
837 3065 909 3131 tam
929 3087 990 3131 111
1004 3065 1126 3149 Lpda'en
1143 3066 1210 3130 und
1223 3065 1323 3150 Parp-

227 3175 309 3257 pieu,
343 3194 388 3240 ruo
411 3195 444 3239 er
469 3193 599 3256 eraopea
619 3195 695 3252 socr,
730 3174 813 3240 ber.“
859 3175 1041 3240 RectissIme
1069 3175 1144 3240 haec
1172 3175 1231 3240 sibi
1257 3175 1323 3259 ipse

227 3282 388 3366 refragans
408 3283 527 3360 monet3
562 3303 691 3367 persona
714 3287 795 3350 enim
818 3283 1057 3368 προλογίζουσα
1079 3284 1138 3348 isto
1160 3285 1322 3364 vocabulo,

227 3392 322 3456 unde
343 3392 375 3456 in
397 3409 540 3457 scaenam
562 3393 675 3473 veniat,
698 3394 923 3476 spectatoribus
945 3393 1080 3459 nuntiat.
1125 3392 1171 3460 cf.
1194 3394 1270 3460 Hec.
1292 3395 1322 3461 et

229 3501 280 3567 Tr.
301 3501 344 3567 in.
381 3501 540 3566 Bacchum
561 3503 666 3568 autem
688 3522 758 3570 cnm
780 3502 968 3569 Maenadum
989 3503 1091 3581 choro,
1125 3502 1212 3570 cuius
1233 3505 1323 3587 qnasi

230 3689 390 3698 ....-———---
393 3691 418 3695 --.

329 3797 355 3866 1)
373 3795 449 3864 Quae
467 3797 599 3867 leguntur
617 3815 644 3852 v.
664 3797 722 3851 597.
738 3797 772 3850 98
791 3793 826 3850 ἅν
840 3814 906 3849 ποτε
925 3791 1119 3866 κεραυνόβολος
1137 3799 1212 3852 ἔλιπε
1230 3791 1322 3872 φλόγα

228 3897 297 3947 Δίου
321 3893 436 3964 βροντᾶς
460 3893 626 3962 interpretes
651 3894 692 3948 ita
715 3893 865 3962 explicant,
895 3896 927 3946 ut
951 3893 986 3947 ad
1009 3893 1102 3964 ignem
1120 3895 1216 3949 vivum
1234 3894 1263 3948 in
1281 3911 1321 3948 se·

226 3990 324 4059 pulcro
352 3988 470 4044 Semeles
497 3991 662 4060 pertineant.
703 3989 757 4044 Sed
784 3990 958 4059 apertissime
984 4008 1079 4044 versus
1107 3990 1231 4059 corrupti
1256 3996 1322 4046 sunt

228 4086 374 4155 sedemque
391 4085 454 4139 vitii
472 4075 637 4141 vocabulum
657 4087 733 4141 ἔλιπε
754 4104 812 4141 esse
824 4086 894 4140 bene
905 4085 1035 4142 Reiskius
1048 4088 1187 4158 cognovit.
1207 4087 1321 4142 Utinam

228 4183 272 4238 W.
292 4181 467 4253 promissum,
495 4183 570 4252 quod
594 4183 629 4237 de
649 4182 703 4238 hoc
728 4183 837 4238 cantico
855 4183 927 4238 male
946 4187 1068 4239 tractato
1092 4183 1171 4239 dedit
1190 4185 1221 4237 A.
1241 4183 1274 4237 E.
1292 4200 1320 4253 p.

228 4281 290 4348 208,
309 4279 413 4333 solvat!
855 4279 861 4291 '
