3080 4960
734 469 768 527 99

205 640 304 707 Andr.
327 643 367 706 42
390 661 450 726 sq:
845 642 1079 728 δειματοομένη
1102 643 1130 709 δ’
1153 639 1215 728 ἐγώ

467 749 578 833 δόμων
600 745 760 835 πάροικον
782 749 918 829 Θέτιδος
939 749 987 830 εἰς
1007 743 1187 837 ἀνάκτορον

468 852 585 925 θάσσω
606 852 675 924 τόδ’
700 857 848 938 diderint
868 848 909 945 ἢν
929 883 971 941 με
992 853 1122 949 κωλύσῃ
1144 864 1270 927 θανεῖν.

205 965 275 1033 Hel.
297 969 338 1054 63
360 986 421 1051 squ
841 962 901 1033 τόν
922 961 1023 1032 πάλαι
1046 966 1074 1032 δ’
1096 963 1176 1051 ἐμόν
1199 965 1301 1035 πόσιν

464 1077 593 1158 τιμῶσα
615 1075 782 1159 Πρωτέως
802 1075 913 1165 μνῆμα
935 1075 1131 1157 προσπίτνω
1152 1072 1229 1142 τόδε

465 1179 572 1264 ἱκέτις,
594 1185 635 1249 ἵν’
658 1177 751 1269 ἀνδρὶ
772 1175 860 1268 unigeni
881 1179 1027 1272 διασώσῃ
1048 1183 1132 1270 λέχη.

205 1291 317 1358 Bacch.
333 1293 442 1378 disq:
467 1278 513 1357 ὦν
535 1289 638 1359 οὕνεκ’
660 1286 749 1382 αὐτῷ
770 1287 853 1372 θεός
873 1290 973 1379 γεγώς
994 1293 1175 1376 ἐνδείξομαι

463 1402 565 1469 πᾶσίν
586 1425 622 1468 τε
646 1402 846 1489 Θηβαίοισιν.
867 1399 914 1481 εἰς
935 1403 964 1468 d’
985 1393 1084 1488 ἄλλην
1103 1396 1211 1486 χθόνα

463 1503 624 1578 edocente
645 1510 788 1595 θέμενος
809 1499 845 1578 εὖ
866 1507 1058 1600 μεταστήσω
1080 1507 1179 1578 πόδα.

205 1643 292 1710 Unus
312 1643 453 1712 Electrae
474 1648 623 1732 prologus
643 1647 738 1714 tertia
763 1649 851 1732 parte
873 1647 998 1714 omnino
1025 1647 1152 1728 earet1).
1195 1645 1301 1730 Neque

126 1751 130 1761 '
203 1755 283 1820 illud
305 1755 485 1822 miraberis:
507 1775 581 1823 nam
602 1756 742 1840 agricola
762 1757 848 1822 illius
868 1755 992 1823 fabulae
1011 1755 1132 1822 nullam
1149 1754 1246 1822 aliam
1260 1756 1300 1822 ob

204 1882 330 1930 causam
352 1864 385 1929 in
406 1884 548 1932 scaenam
573 1865 687 1949 prodit,
709 1885 804 1949 quam
826 1865 863 1930 ut
883 1865 1047 1950 prologum
1069 1863 1194 1945 recitet;
1225 1860 1301 1948 quid

204 1972 303 2056 igitur
317 1971 355 2038 de
376 1993 407 2040 se
427 1975 584 2058 praedicet
605 1975 727 2058 praeter
745 1974 890 2040 honestos
911 1992 983 2039 suos
1005 1991 1105 2038 mores
1120 1969 1301 2054 nonhabet,

205 2083 384 2165 praesertim
416 2102 486 2178 cum
516 2084 680 2149 considam
710 2103 727 2149 e
758 2102 869 2150 scaena
898 2082 1030 2150 abeundi
1059 2100 1149 2149 versu
1178 2081 1301 2147 demum

207 2192 247 2256 78
267 2211 314 2276 sq.
346 2195 460 2277 capiat.
503 2195 565 2260 Hic
593 2195 693 2279 igitur
724 2193 809 2260 locus
839 2192 960 2277 prologi
993 2192 1130 2258 aduentu
1160 2189 1303 2258 Electrae

205 2301 294 2383 quasi
328 2302 494 2388 interrupti
530 2301 686 2370 conclusio
720 2306 775 2370 est.
834 2303 881 2368 De
911 2302 1091 2386 Iphigeniae
1123 2298 1301 2366 Aulidensis

208 2410 337 2494 prologo
361 2412 424 2478 scio
445 2413 523 2479 satis
544 2412 698 2479 lubricum
720 2431 785 2479 esse
806 2411 971 2486 iudicium
992 2411 1019 2476 si
1040 2411 1145 2476 temen
1166 2429 1203 2476 ea
1225 2427 1304 2493 qnae

206 2536 299 2601 supra
320 2519 476 2604 disputavi
508 2521 661 2604 probabis,
690 2520 848 2586 exordium
874 2520 911 2585 de
938 2519 1075 2585 Helenae
1103 2516 1303 2585 matrimonio

207 2645 302 2711 usque
323 2629 363 2693 ad
385 2649 415 2694 ν.
430 2630 479 2708 71,
500 2630 633 2696 mediam
656 2630 777 2714 prologi
799 2629 918 2713 parmm
940 2628 1094 2712 originem
1108 2627 1183 2694 belli
1198 2626 1302 2693 Troici

206 2739 237 2800 et
258 2755 384 2802 cansam
405 2739 585 2822 Iphigeniae
611 2739 819 2806 immolandae
841 2739 1030 2805 tractantem
1060 2737 1122 2803 fere
1145 2735 1302 2820 usquead

207 2865 234 2910 v.
249 2845 308 2911 105
331 2846 482 2928 pertinere
504 2847 595 2914 dices.
638 2848 715 2913 Post
736 2849 819 2914 hunc
840 2867 962 2914 versum
984 2845 1148 2929 absumpta
1167 2847 1215 2910 est
1229 2861 1302 2909 con-

206 2955 302 3020 clusio
324 2954 455 3023 fortasse
477 2973 548 3022 cum
569 2958 672 3024 media
687 2959 774 3040 parte
795 2958 950 3025 artissime
966 2955 1141 3035 coniuncta,
1164 2954 1202 3021 de
1217 2953 1303 3020 cuius
1344 3037 1349 3050 Ι

207 3065 391 3150 argumento
413 3066 483 3132 vide
505 3084 583 3149 quae
604 3088 633 3150 p.
655 3067 697 3132 96
716 3086 761 3150 sq.
784 3067 917 3152 exposui.

305 3173 506 3240 Exordium
528 3175 677 3260 prologi
699 3177 900 3259 praeparat
922 3174 1107 3240 historias
1128 3170 1302 3237 inmediu

205 3282 318 3363 perte
339 3283 577 3350 enarrandas.

303 3389 373 3456 Hoc
393 3392 460 3459 fieri
481 3395 583 3476 potest
603 3392 722 3477 triplici
744 3393 850 3459 modo:
873 3395 928 3458 aut
939 3389 1186 3475 praemittuntur
1200 3389 1303 3473 priora

206 3494 271 3564 lata
297 3517 403 3566 earum
428 3519 629 3586 personarum
656 3500 830 3586 dequibus
858 3501 1005 3586 prologus
1035 3498 1114 3582 agit,
1148 3497 1303 3564 interdum

203 3607 299 3672 etiam
322 3609 425 3692 gentis
446 3629 564 3690 earum,
596 3614 652 3679 aut
673 3610 711 3677 de
731 3629 764 3676 se
789 3609 913 3694 suisque
933 3609 1010 3676 latis
1031 3606 1157 3674 disserit
1176 3623 1305 3690 persona

206 3717 454 3801 centuplicem,
479 3721 659 3804 praesertim
675 3738 745 3786 cum
768 3719 842 3786 deus
864 3719 910 3786 eat
931 3717 1043 3800 (veluti
1057 3716 1091 3784 in
1105 3713 1185 3796 Alc,
1200 3713 1306 3798 Hipp.‚

206 3826 329 3908 Troad,
345 3827 482 3910 Bacchi,
505 3831 601 3897 antei
616 3831 698 3898 lorte
712 3827 818 3896 deficit
831 3831 906 3913 apta
920 3827 1051 3894 historia
1066 3827 1116 3910 (nt
1130 3827 1162 3893 in
1174 3821 1306 3909 suppl),

205 3935 324 4004 dictum
346 3937 474 4022 aliquod
496 3937 529 4004 in
549 3937 673 4007 exordio
694 3939 831 4024 ponitur.
860 3937 985 4004 Misceri
1008 3953 1131 4020 qunque
1152 3949 1307 4000 nonnum-

310 4169 336 4236 l)
354 4165 415 4220 lloc
433 4165 525 4220 dicere
545 4165 619 4235 lieet,
638 4167 690 4220 etsi
707 4171 876 4236 postremam
895 4165 978 4220 huius
997 4161 1107 4234 prologi
1120 4163 1230 4230 purtem
1249 4173 1305 4212 uon
1342 4193 1346 4202 ·

208 4259 391 4334 Euripideum
417 4279 475 4318 esse
498 4261 588 4318 rideri
611 4279 637 4332 p.
658 4264 692 4316 56
716 4261 806 4316 docui
844 4261 884 4316 Ne
908 4257 1059 4332 Euripides
1086 4257 1198 4326 quidem
1229 4253 1306 4310 aliud

208 4367 404 4430 argumentum
424 4369 508 4430 atque
527 4359 711 4430 interpolator
729 4359 782 4414 lrue
801 4359 862 4414 loco
880 4365 1004 4414 tmotare
1024 4355 1125 4426 potuit.
