3080 4960
740 409 776 464 49

211 575 303 642 ineat.
346 577 455 660 Neque
476 579 560 644 recte
581 578 699 645 (lictum
723 575 896 644 osticium
917 573 955 644 τά
973 567 1213 657 coraustum,
1236 597 1306 644 oum

211 683 373 768 Neptunus
394 679 702 769 proconsobrinus
725 679 873 770 Α’άχαιον
894 681 1040 770 άλμυρὸν
1067 679 1190 770 βάθοςε
1223 687 1306 752 recte

211 793 323 877 Apollo
346 794 563 862 Alcestidisv.
587 797 642 861 23
675 793 780 860 λείπω
809 789 988 878 μελάθρων
1018 796 1122 861 arteria
1149 789 1308 883 φιλτάτην

210 901 331 988 στέγην.
375 903 491 970 Contra
507 905 588 972 bene
609 925 640 970 se
667 905 770 981 habet,
804 905 886 990 quod
912 906 989 972 dicit
1011 906 1175 990 Neptunus
1200 925 1230 970 v.
1249 905 1304 970 45.

209 1002 289 1090 ἀλλ’,
326 1035 353 1075 ω
374 1012 451 1076 ποτ’
474 1003 661 1094 ευτυχσῦσα,
688 1013 799 1098 χαῖρέ
818 1037 886 1099 μοι,
916 1007 1022 1091 πόλις.
1066 1016 1178 1080 Versus
1200 1015 1305 1080 autem

161 1139 167 1150 ·
211 1122 261 1186 26.
282 1120 322 1185 27
345 1121 424 1186 nihil
445 1120 556 1187 habere
577 1122 689 1204 poetici
712 1124 822 1188 coloris
837 1142 926 1190 nemo
942 1124 1083 1206 negabit:
1106 1141 1231 1206 prorsus
1246 1121 1306 1190 fal-

209 1247 278 1295 sum
299 1231 330 1296 et
350 1230 490 1313 ineptum
511 1232 558 1296 est
579 1231 740 1313 τιμᾶσθαι
755 1230 882 1313 θέλει,
906 1231 994 1298 ouius
1015 1231 1083 1297 loco
1104 1230 1235 1312 τιμᾶται
1257 1231 1306 1296 di·

211 1337 341 1404 cendum
362 1340 437 1404 erat.
475 1339 562 1406 Mala
581 1339 680 1425 igitur
701 1341 916 1425 dittograpbia
930 1342 1004 1406 sunt
1018 1360 1047 1406 v.
1060 1342 1183 1406 23-27
1199 1358 1304 1406 corum

209 1466 363 1523 ramnum,
398 1448 451 1532 qui
473 1448 507 1512 iu
528 1448 589 1516 linc
609 1449 730 1534 prologi
752 1449 914 1534 leguntur:
947 1451 1147 1534 quamobrem
1169 1448 1304 1516 maxima

211 1575 281 1622 cnm
302 1557 489 1624 confidentia
510 1557 604 1625 deleo.
649 1559 756 1624 Denuo
771 1559 894 1624 tollitur
908 1559 994 1626 locus
1009 1559 1181 1624 communis
1199 1577 1216 1624 e
1235 1577 1306 1641 pro-

210 1664 283 1748 logo
312 1665 486 1748 Euripidae,
520 1686 548 1732 v.
577 1668 626 1732 26.
653 1667 703 1732 27.
741 1703 780 1714 -·
816 1667 911 1734 Recte
932 1667 970 1732 N.
1000 1667 1034 1732 s.
1062 1667 1107 1734 St.
1128 1667 1160 1733 II
1191 1686 1220 1750 p.
1245 1669 1304 1732 135

210 1773 282 1838 aar.
305 1774 407 1839 versui
429 1775 469 1840 35
1251 1763 1260 1785 '

398 1881 514 1970 Ἑλένη,
539 1886 724 1968 νομιοθεῖσ’
749 1879 956 1968 αἰχμάλωτος
977 1883 1110 1964 ἐνδίκως

210 1991 332 2058 obelum
365 1992 520 2076 praefirit;
562 1993 652 2059 fluxit
682 1979 760 2062 haec
789 1995 988 2078 interpolatio
1019 2015 1036 2061 e
1068 2015 1097 2060 v.
1124 1996 1194 2062 872.
1245 1995 1305 2062 sed

211 2102 330 2167 restant
362 2101 491 2183 maiora,
523 2122 603 2186 quae
633 2102 749 2188 fugisse
781 2105 863 2170 viros
895 2103 1001 2169 doctos
1034 2122 1095 2170 non
1128 2104 1204 2170 satis
1236 2123 1307 2187 pos-

210 2229 278 2276 sum
309 2209 426 2276 mirari.
471 2211 645 2278 Audiamus
673 2231 752 2296 quae
785 2213 900 2278 scholia
928 2233 958 2278 v.
980 2214 1022 2279 36
1048 2213 1217 2278 rectissime
1239 2231 1306 2280 mo·

210 2319 298 2384 nent:
329 2306 465 2402 άμεινον
490 2305 529 2404 ἢν
553 2311 711 2412 ontificis
733 2315 933 2406 πραγμάτων
959 2315 1167 2406 νιαράχεσθαι
1189 2313 1305 2404 ὀδυρο-

211 2425 309 2514 μένην
347 2423 388 2492 τά
424 2423 581 2512 παρόντα.
625 2423 711 2496 otum
740 2428 799 2514 γάρ
828 2423 867 2494 tv
893 2425 911 2518 ἡ
937 2429 1099 2515 τραγῳδία
1125 2425 1164 2495 τὸ
1190 2423 1304 2510 πάθος

211 2526 286 2622 εἶχε,
320 2539 378 2600 νῦν
398 2535 434 2602 δέ
457 2540 592 2621 ψυχρῶς
616 2540 663 2623 τῷ
685 2533 819 2623 θεάτρῳ
848 2538 1124 2622 προσδιαλέγεσαι.
1168 2541 1304 2606 Putasne

210 2663 243 2710 rc
263 2665 335 2712 vora
357 2645 546 2728 Euripidem,
582 2639 821 2729 semperstantes
847 2647 981 2730 poetam,
1014 2651 1081 2712 tam
1111 2647 1179 2712 rudi
1213 2647 1304 2712 modo

209 2755 433 2836 spectatoribus
455 2755 615 2820 Hecubam
638 2754 827 2822 ostendisse?
871 2754 1105 2822 eoncedendum
1133 2757 1180 2822 est
1207 2755 1306 2839 pluri·

208 2881 275 2929 mos
297 2863 454 2946 Euripidis
486 2863 629 2949 prologos
661 2863 701 2930 ad
727 2864 886 2931 theatrum
914 2865 1107 2949 potissimum
1137 2865 1304 2948 pertinere;

208 2973 242 3038 ut
262 2972 379 3054 alloqui
400 2974 587 3056 spectatores
611 2973 788 3041 comoediae
809 2976 865 3054 est,
898 2994 959 3040 uon
988 2973 1176 3056 tragoediae,
1209 2992 1307 3057 neque

208 3081 307 3146 ullum
328 3081 361 3146 in
377 3081 519 3148 omnibns
542 3080 678 3165 prologis
701 3083 799 3148 nostri
821 3082 923 3156 simile
943 3082 1074 3163 reperies
1095 3081 1265 3164 exemplum
1274 3085 1306 3160 ¹).

208 3187 267 3254 Sed
290 3189 412 3256 utinam
432 3209 508 3256 sana
526 3191 607 3256 essct
629 3191 703 3256 baec
727 3189 939 3274 compellatio!
983 3189 1142 3272 Duplicem
1164 3189 1307 3254 exhibent

209 3297 327 3364 codices
350 3299 527 3366 lectionem:
557 3299 641 3383 prior
663 3300 771 3366 classis
790 3293 925 3383 Ἑκάβην
946 3297 1143 3383 κειμένην-
1160 3297 1306 3379 χέουσαν,

210 3408 358 3488 posterior
377 3401 495 3496 Ἑκάβη
514 3407 644 3492 κειμένη
666 3445 708 3454 -
728 3406 862 3488 χέουσαι
896 3409 1032 3491 ineptam
1056 3427 1120 3473 esse
1142 3409 1309 3491 utramque

194 3517 361 3596 ,neminem
384 3517 459 3601 puto
482 3519 593 3603 fugiet.
639 3517 706 3582 Iam
729 3519 756 3583 si
777 3517 909 3600 legimus
931 3536 960 3582 v.
981 3519 1022 3582 38
1045 3510 1169 3599 δάκρυα
1190 3515 1310 3599 χέουσα

209 3617 316 3688 πολλοὶ
337 3623 389 3688 καὶ
410 3625 544 3693 πολλῶν
558 3618 651 3707 ὕπερ,
676 3624 846 3690 necessario
862 3627 1082 3707 exspectemus,
1104 3625 1139 3690 ut
1155 3626 1310 3692 sententia

209 3751 288 3816 quae
311 3733 453 3815 sequitur
478 3735 610 3801 relativa
632 3751 743 3799 causae
763 3732 964 3798 lacrimarum
987 3733 1133 3800 Hecubae
1154 3753 1311 3818 exponun-

189 3841 275 3908 ,λοσε
298 3841 333 3906 at
353 3841 455 3908 instro
475 3861 586 3910 causae
600 3840 746 3928 φρσίάσς
760 3839 912 3924 Πρίαμος
927 3841 982 3906 καὶ
1002 3840 1129 3926 τίνα’)
1150 3844 1310 3911 adduntur

313 4101 340 4172 1)
359 4100 499 4172 Proxime,
527 4101 575 4158 sed
593 4101 677 4174 longo
696 4103 857 4172 intervallo,
886 4105 995 4164 accedit
1021 4101 1079 4158 llcl.
1104 4105 1117 4156 1
1138 4105 1239 4156 Νείλου
1257 4101 1312 4172 μὲν

204 4157 271 4252 λάθε
290 4190 502 4268 καλλιπάρθενοι
522 4200 591 4269 ῥοαί.
611 4199 728 4270 Maleag.
747 4199 804 4270 t'rg.
820 4203 884 4256 sis:
907 4199 1041 4262 Καλυδὼν
1057 4203 1114 4272 μὲν
1132 4195 1181 4266 ἥδε
1197 4203 1272 4270 χαῖα.

312 4294 341 4364 2)
360 4293 401 4348 Ci.
420 4293 485 4350 Ηεσ.
506 4297 567 4352 161.

1096 4397 1114 4450 4
