3080 4960
742 366 779 471 92‘
821 463 823 466 ,

216 591 310 669 ribus,
344 590 418 673 quid
438 590 579 673 Euripidi
604 589 740 655 tribuere
760 590 875 668 liceret,
909 589 1129 655 animadvertit
1150 607 1307 671 gramma-

216 697 296 761 ticus
326 697 454 780 quidam
476 699 677 782 Byzantinus.
703 699 812 763 ·Teste
840 697 921 762 enim
949 698 987 762 Κ.
1015 698 1054 762 ab
1085 697 1184 762 altera
1214 715 1309 760 manu

217 806 283 872 eod.
306 807 408 889 Pal.¹)
426 807 471 872 sio
494 807 600 890 scripti
623 808 696 872 sunt
718 826 746 872 v.
768 807 817 872 76.
841 806 897 871 77;

313 933 438 1025 Ἑλένην
459 935 544 1024 πρός
562 939 643 1024 Ἴδης
663 933 848 1020 βούσταθμ’
872 933 1012 1022 ἔκδημον
1033 931 1150 1020 λαβών.

316 1045 521 1126 Μενέλαος
545 1035 616 1114 οόν
636 1047 712 1112 καθ’
733 1040 855 1112 Ἑλλάδ’
878 1043 1051 1134 οἰστρήσας
1070 1041 1179 1128 μόνος.

218 1184 311 1250 Vides
341 1184 553 1262 correctorem,
586 1183 640 1266 qui
671 1181 879 1248 intolerabilia
906 1181 1082 1247 coniectura
1107 1181 1216 1246 tollere
1244 1180 1310 1245 stu-

216 1295 327 1384 duerit.
371 1293 439 1358 Etsi
461 1292 564 1357 autem
591 1311 652 1356 non
681 1291 808 1356 sustulit
837 1310 941 1356 omnes
968 1290 1179 1369 difficultates,
1213 1308 1309 1354 unum

215 1404 322 1475 tamen
345 1400 467 1482 egregie
490 1399 586 1464 uidit:
621 1393 760 1482 ἔκδημον
782 1399 822 1463 ad
843 1398 992 1464 Helenam
1019 1397 1210 1478 referendum
1237 1416 1311 1464 esse.

217 1510 278 1576 Sed
298 1509 465 1591 antequam
487 1509 523 1573 de
544 1528 573 1573 v.
587 1508 628 1572 76
647 1507 831 1572 sententiam
855 1527 955 1573 meam
976 1507 1087 1585 dicam,
1110 1525 1208 1589 paura
1223 1526 1311 1589 prae·

218 1615 371 1680 mittenda
401 1615 473 1678 sunt
500 1613 536 1678 de
561 1614 600 1678 iis
628 1615 681 1697 qui
710 1612 897 1690 inseruntur.
941 1614 988 1677 Ao
1020 1611 1154 1696 primum
1186 1615 1310 1698 quidem

218 1723 380 1787 metricum
404 1723 517 1787 vitium
539 1743 644 1789 versus
666 1723 716 1802 79,
740 1723 822 1806 quod
840 1741 902 1787 una
924 1741 994 1787 oum
1010 1723 1222 1789 emendatione
1243 1723 1311 1814 ἠδι-

218 1829 367 1914 κημένοις
395 1831 428 1894 in
458 1830 623 1915 archetypo
650 1831 743 1896 Laur.
773 1831 804 1896 et
829 1831 897 1896 Pal.
927 1831 1078 1902 exstitisse
1100 1832 1156 1908 ,W.
1184 1833 1310 1899 oollatio

218 1941 338 2023 probat,
360 1958 482 2005 monere
504 1940 633 2006 debebat
655 1940 795 2020 editores,
828 1941 864 2004 ut
887 1941 969 2006 buno
991 1959 1111 2006 versum
1136 1942 1311 2008 aoouratius

217 2051 417 2132 inspicerent3
451 2050 637 2116 senteutiam
664 2052 769 2115 autem
796 2069 870 2114 num
896 2050 1021 2132 pravius
1043 2052 1073 2115 et
1095 2051 1258 2116 absurdius
1281 2052 1312 2117 et

193 2155 325 2224 'falsius
353 2159 455 2242 eloqui
481 2159 583 2240 potuit
611 2160 720 2241 poeta?
763 2157 821 2224 Sed
847 2160 979 2240 tempori
1003 2160 1035 2224 et
1056 2159 1181 2224 ebartae
1202 2148 1311 2242 paroa'·

138 2341 142 2350 ,
217 2287 296 2333 mus.
330 2267 360 2333 N
362 2288 400 2334 on
416 2267 516 2332 multo
530 2268 657 2333 meliora
674 2269 746 2333 sunt
766 2286 844 2350 quae
859 2267 1059 2350 praecedunt3
1083 2288 1156 2335 nam
1171 2265 1312 2354 οἰστρᾶν,

217 2377 300 2459 quod
321 2378 377 2442 aut
401 2377 597 2454 „stimulare“
623 2376 670 2442 rel
697 2377 817 2456 „sumre
832 2377 1007 2460 exagitare“
1024 2377 1212 2461 (Baoob.32.
1227 2379 1310 2461 119),

217 2487 274 2551 aut
296 2487 436 2565 „furere“
459 2487 616 2570 signifieat
639 2488 762 2568 (desub.
785 2487 889 2552 Prom.
911 2489 994 2569 837),
1018 2488 1064 2552 ita
1085 2488 1229 2570 usurpem
1251 2505 1312 2552 non

219 2613 314 2676 posse,
336 2596 372 2659 ut
391 2595 432 2660 sit
454 2595 626 2674 „furentem
646 2585 754 2661 ruer'e“
769 2597 854 2661 locus
867 2597 1053 2680 Aeschyleus
1075 2597 1152 2662 satis
1167 2595 1310 2661 ostendit.

219 2703 326 2787 Neque
348 2705 452 2784 etiam,
485 2705 512 2769 si
533 2706 616 2770 iusta
644 2707 722 2771 esset
748 2706 823 2771 haee
848 2706 943 2785 notio,
977 2706 1103 2772 verbum
1124 2701 1257 2786 οἰστρᾶν
1278 2705 1311 2770 in

218 2815 357 2879 nostram
379 2815 565 2880 senteutiam
587 2815 763 2897 quadraret.
799 2815 962 2881 Praeterea
984 2817 1143 2880 haeremus
1165 2814 1198 2878 in
1213 2795 1313 2879 verbis

219 2914 337 3002 ὅρκους
358 2917 517 3000 metatoris
542 2918 723 3008 Τυνδάρεω,
757 2924 869 3008 quibus
890 2925 1106 2990 iusiurandum
1129 2923 1272 3008 Tyndaro
1293 2945 1312 2989 a

219 3031 318 3112 procis
341 3032 450 3098 datum
471 3033 643 3114 significari
664 3053 784 3099 neeesse
807 3035 861 3100 est.
903 3034 1004 3115 Quam
1026 3033 1244 3098 diifioultatem
1266 3033 1313 3097 vi·

220 3139 275 3220 dit,
298 3160 359 3207 non
380 3142 581 3222 probabiliter
601 3143 729 3208 sustulit
749 3143 851 3208 neseio
872 3142 951 3224 quis,
974 3142 1028 3224 qui
1047 3134 1217 3226 Τυνδάρεῳ
1238 3141 1314 3206 sori·

219 3249 352 3314 bendum
380 3250 549 3333 proposuit.
594 3249 671 3316 Cum
704 3252 809 3316 autem
837 3251 870 3314 in
902 3250 1039 3316 uorsibus
1071 3251 1138 3316 tam
1171 3251 1313 3316 absurdis

219 3377 383 3442 versemur,
405 3377 467 3424 non
486 3361 664 3426 oonieotura
675 3359 895 3442 temptabimus
910 3359 989 3424 illud
1003 3352 1105 3443 μόρῳ,
1120 3360 1201 3444 quod
1216 3379 1311 3426 unum

220 3467 343 3533 oritioos
364 3470 500 3544 vexavit,
521 3470 576 3554 qui
599 3470 723 3552 seripsit
744 3468 909 3533 intellexit:
940 3486 1034 3546 „casu
1048 3468 1128 3532 isto“
1143 3469 1163 3533 i.
1179 3487 1204 3534 e.
1220 3475 1312 3550 raptu

221 3575 396 3661 Helenae2).
433 3613 468 3622 -
503 3577 621 3644 Deletis
651 3577 750 3662 igitur
783 3578 921 3644 versibus
955 3578 1079 3642 77-79
1109 3577 1185 3643 haee
1214 3578 1314 3644 oritur

321 3807 348 3877 1)
366 3808 427 3878 Ego
445 3812 538 3863 tamen
557 3808 753 3878 spoponderim
771 3824 885 3862 manum
904 3807 1151 3876 interpolatricem,
1169 3820 1253 3874 quem
1267 3805 1312 3860 W.

220 3905 316 3960 littera
333 3922 352 3975 p
372 3905 491 3974 notavit,
510 3905 582 3976 hano
599 3906 788 3961 coniecturam
806 3904 913 3972 fecisse,
932 3903 1056 3972 eandem,
1076 3921 1146 3973 quae
1163 3897 1250 3974 μόνος
1261 3918 1313 3972 pro

170 4011 176 4017 “
219 3995 297 4073 μόρῳ
316 4002 469 4056 substituit.

322 4096 351 4168 2)
368 4097 497 4153 Fortasse
514 4099 699 4168 interpolator
711 4098 798 4153 verba
816 4096 856 4153 sio
867 4097 945 4167 iungi
958 4097 1059 4151 voluit:
1079 4092 1095 4149 ὃ
1110 4095 1150 4165 δὲ,
1169 4089 1314 4165 οἰστρήσας

221 4191 308 4268 μόρῳ,
334 4195 397 4248 καθ’
415 4189 520 4247 ‘arado'
538 4193 561 4250 ό.
580 4215 611 4248 π.
632 4201 663 4250 Τ.
681 4215 711 4266 μ.
748 4193 829 4262 Quod
847 4192 870 4247 si
888 4198 938 4262 est,
968 4193 1079 4263 οἰστρᾶν
1101 4194 1174 4246 iusta
1197 4191 1309 4246 notione

222 4292 375 4362 risurpovit,
393 4293 479 4348 verba
497 4292 561 4346 καθ’
579 4287 692 4346 Ἑλλάδα
710 4291 828 4361 pessime
846 4294 875 4344 et
893 4289 1004 4360 scripsit
1023 4294 1051 4344 et
1069 4287 1223 4345 oollooavit.
