3080 4960
749 423 784 476 94

222 594 373 680 traditam
394 593 556 660 lectionem
572 613 601 660 ν.
617 595 657 659 84
673 613 782 660 sanare
802 593 926 676 possim,
944 592 983 658 ad
1000 590 1178 658 Calchantis
1190 610 1315 676 respon·

223 719 290 766 sum
313 702 433 781 accedo,
456 720 516 784 quo
531 701 795 785 Agamemnonem
817 701 978 766 immolare
1001 701 1194 783 Iphigeniam
1214 701 1315 767 iubet:

321 835 362 900 89
405 829 535 915 Κάλχας
555 832 582 899 δ’
607 827 625 899 ὃ
647 830 760 916 μάντις
778 823 904 919 ἀπορίᾳ
926 831 1133 918 κεχρημένοις

320 946 361 1009 90
403 935 529 1008 α’ύεῖλεν
550 935 743 1031 Ἰφιγένειαν,
768 933 806 1028 ἣν
829 939 954 1024 ἔσπειρ’
978 936 1050 1027 ἐγώ,

402 1044 569 1136 Ἀρτέμιδι
592 1053 695 1118 θῦσαι
716 1061 756 1142 τῇ
777 1045 845 1120 τόδ’
870 1045 1003 1140 οἰκούσῃ
1028 1052 1138 1132 πέδον,

403 1162 456 1227 καὶ
478 1161 584 1227 πλοῦν
605 1160 632 1224 τ’
657 1157 796 1227 ἔσεσθαι
816 1159 870 1226 καὶ
890 1156 1102 1248 κατασκαφὰς
1112 1165 1135 1242 ¹)
1160 1161 1295 1244 Φρυγῶν

403 1267 536 1352 θύσασι,
557 1265 602 1359 μὴ
624 1265 748 1336 θύσασι
767 1267 794 1334 δ’
818 1260 876 1335 ούκ
898 1261 981 1334 εἶναι
1001 1263 1087 1335 τάδε.

222 1407 417 1473 Postremum
439 1407 550 1471 horum
572 1425 715 1471 versuum
736 1406 776 1471 N.
798 1406 968 1471 rectissime
989 1405 1111 1485 delevit,
1146 1407 1195 1471 cui
1216 1406 1315 1472 adsti-

222 1514 348 1597 pulatur
382 1531 551 1597 causasque
581 1514 705 1596 exponit
733 1513 907 1597 Hennigius
936 1515 957 1580 l.
985 1515 1007 1580 l.
1037 1535 1066 1598 p.
1097 1517 1137 1579 33
1159 1533 1204 1597 sq.
1255 1513 1315 1580 Sed

222 1642 328 1690 vereor
349 1642 387 1688 ne
406 1623 461 1688 ille
481 1641 587 1688 versus
609 1622 704 1689 etiam
725 1623 956 1705 praecedentem
977 1641 1080 1688 secum
1094 1623 1128 1687 in
1149 1623 1315 1705 perniciem

223 1734 338 1798 trahat.
381 1732 463 1797 Puto
485 1732 568 1797 enim
589 1733 644 1796 hos
666 1732 741 1797 duos
770 1732 810 1797 ab
830 1750 892 1797 uno
914 1732 1079 1814 eodemque
1100 1733 1223 1798 homine
1244 1750 1316 1814 pro·

222 1841 318 1907 lectos
340 1859 412 1916 esse,
436 1840 495 1906 nisi
511 1842 593 1924 quod
613 1842 697 1924 prior
711 1842 815 1923 paullo
830 1842 939 1907 melior
953 1841 1062 1907 evasit.
1092 1839 1198 1906 Certae
1211 1843 1315 1907 autem

222 1951 320 2017 habeo
342 1969 459 2016 causas.
502 1951 601 2034 Leges
622 1950 715 2015 velim
737 1951 838 2016 totam
861 1949 1046 2015 sententiam
1073 1951 1185 2016 omisso
1208 1969 1237 2014 v.
1258 1950 1316 2025 933

223 2077 323 2125 nonne
343 2060 402 2125 tibi
424 2079 452 2124 v.
475 2059 515 2124 92
537 2060 652 2123 mirum
674 2060 826 2140 quantum
856 2057 1030 2124 claudicare
1061 2058 1203 2124 videtur?
1243 2058 1317 2124 Fal·

222 2185 291 2233 sum
313 2168 417 2233 autern
440 2168 486 2232 est
508 2160 717 2252 κατασκαφὰς
743 2166 926 2249 desporet
950 2166 1032 2248 quod
1053 2167 1079 2231 si
1094 2166 1220 2232 dixisset
1243 2166 1315 2232 Oal·

224 2277 306 2356 chae,
332 2276 402 2358 plus
423 2275 630 2358 respondisset
651 2293 745 2358 quam
761 2274 843 2357 quod
858 2277 1049 2358 Agamemno
1064 2277 1239 2358 rogaverat,
1262 2276 1316 2358 qui

221 2387 326 2452 tamen
348 2385 425 2450 mihi
448 2385 556 2450 vatum
579 2385 609 2450 et
630 2385 827 2449 oraculorum
853 2402 920 2448 mos
946 2383 1039 2449 fuisse
1065 2403 1127 2449 non
1150 2385 1315 2464 videturll.

221 2494 324 2563 Verba
353 2495 435 2568 lecta
461 2481 632 2577 expiscatus
663 2497 709 2560 est
739 2494 943 2576 interpolator
969 2512 1003 2558 er
1027 2494 1118 2560 huius
1140 2494 1264 2559 fabulae
1284 2510 1315 2558 v.

224 2605 314 2671 1379,
358 2605 467 2670 Deleta
490 2606 593 2670 autem
616 2605 711 2670 etiam
743 2605 799 2669 illo
821 2617 920 2683 versu,
954 2623 1044 2686 quem
1077 2621 1147 2669 eum
1176 2603 1313 2684 sequens·

223 2714 329 2780 eadem
350 2714 388 2780 de
409 2733 510 2792 causa,
536 2731 597 2797 qus
622 2715 745 2779 77-79
765 2713 906 2779 additum
930 2713 1079 2796 videmus,
1111 2710 1315 2794 pulcherrime

223 2823 325 2907 pergit
351 2824 450 2888 oratio
472 2823 679 2906 suspidem).
713 2858 750 2868 -
784 2823 844 2890 Sed
866 2823 941 2906 quid
962 2823 1032 2905 post
1054 2841 1082 2886 v.
1106 2822 1165 2885 100
1189 2820 1314 2885 retineri

222 2933 327 3016 possit,
361 2933 447 2998 dictu
473 2933 694 2999 difficillimum
722 2934 776 2998 eet.
820 2933 963 2999 Fortasse
995 2930 1153 3013 Euripidei
1185 2929 1258 2994 sunt
1285 2948 1314 2993 v.

223 3043 404 3119 101-103;
438 3043 542 3107 tamen
569 3041 773 3125 suspicionem
798 3043 901 3108 movet
927 3042 1054 3107 verbum
1078 3037 1314 3120 e'aycvpododaa

222 3170 375 3234 nusquam
404 3151 480 3218 alibi
509 3152 633 3217 lectum.
677 3151 788 3216 Falsus
815 3151 861 3216 est
889 3147 1199 3232 praetereav.105;
1233 3147 1315 3229 quod

223 3278 292 3326 cum
314 3259 553 3326 demonstrasset
574 3258 749 3342 Hennigius
770 3258 792 3323 l.
814 3257 836 3323 l.
859 3276 887 3340 p.
910 3259 951 3322 34
972 3277 1040 3340 sup„
1060 3254 1236 3321 coniectura
1259 3273 1314 3319 sua

293 3439 419 3448 -.--.-·.-....

322 3536 350 3608 1)
368 3535 414 3593 sm
439 3536 499 3592 Pal.
526 3537 562 3593 ab
590 3537 678 3594 altera
706 3555 803 3606 manu;
835 3531 1013 3609 κατασφαγείς
1041 3535 1124 3592 haur.
1152 3541 1181 3592 et
1209 3535 1267 3591 Pal.
1299 3554 1317 3590 a

222 3632 313 3703 prima
333 3651 424 3689 manu.

322 3732 349 3800 2)
367 3727 549 3802 κατασφανὰς
565 3731 684 3801 Φρυγῶν
701 3747 814 3800 prorsus
832 3730 982 3786 absurdum
1000 3734 1049 3786 est.

324 3826 352 3898 3)
371 3826 412 3882 cf.
432 3825 590 3882 Calchantis
607 3827 772 3883 vaticinium
789 3827 849 3898 Iph.
871 3826 954 3882 Taur.
976 3828 1007 3881 18
1020 3843 1062 3896 sq.

321 3921 350 3992 4)
369 3922 488 3978 Omnino
505 3940 562 3978 non
579 3923 720 3994 intellego,
749 3923 886 3992 quomodo
908 3923 1075 3993 Dindorfius‚
1106 3941 1222 3993 quocum
1242 3923 1311 3978 iacit

224 4017 378 4088 Hennigius
397 4018 415 4072 l.
433 4019 452 4074 l.
471 4037 498 4089 p.
517 4021 560 4088 43,
588 4020 742 4074 orationem
760 4019 842 4072 huius
859 4018 970 4090 prologi
991 4019 1080 4090 magis
1098 4019 1254 4088 pedestrem
1272 4018 1314 4072 di·

225 4129 286 4168 cere
304 4109 400 4184 possit,
429 4133 512 4185 quarn
530 4115 649 4170 aliorum
667 4117 856 4186 prologomm.
895 4115 966 4169 Mihi
986 4116 1096 4184 quidem
1118 4115 1193 4172 haud
1214 4116 1310 4185 paucis

224 4211 340 4281 poeticis
357 4211 508 4267 luminibus
527 4212 660 4268 distincta
677 4212 790 4268 videtur
808 4212 854 4280 (of.
872 4229 898 4267 v.
916 4215 949 4266 51
969 4229 1009 4282 sq.
1030 4213 1071 4266 70.
1089 4213 1123 4265 73
1141 4229 1182 4282 eq.
1200 4213 1238 4266 80
1249 4213 1312 4281 sp),

224 4308 265 4363 ita
282 4313 315 4363 ut
333 4307 407 4365 hunc
424 4310 571 4381 prologum
590 4311 619 4364 in
641 4311 789 4403 meliorum
810 4325 956 4365 numerum
978 4308 1082 4365 reterre
1102 4325 1158 4364 nen
1178 4307 1315 4363 dubitem.
