<?xml version="1.0" encoding="UTF-8"?>
<!DOCTYPE html PUBLIC "-//W3C//DTD XHTML 1.0 Transitional//EN"
    "http://www.w3.org/TR/xhtml1/DTD/xhtml1-transitional.dtd">
<html xmlns="http://www.w3.org/1999/xhtml" xml:lang="en" lang="en">
 <head>
  <title>
</title>
<meta http-equiv="Content-Type" content="text/html;charset=utf-8" />
  <meta name='ocr-system' content='tesseract 3.04.00' />
  <meta name='ocr-capabilities' content='ocr_page ocr_carea ocr_par ocr_line ocrx_word'/>
</head>
<body>
  <div class='ocr_page' id='page_1' title='image "./deeuripideorump01klingoog_0018.png"; bbox 0 0 3080 4960; ppageno 0'>
   <div class='ocr_carea' id='block_1_1' title="bbox 740 440 774 494">
    <p class='ocr_par' dir='ltr' id='par_1_1' title="bbox 740 440 774 494">
     <span class='ocr_line' id='line_1_1' title="bbox 740 440 774 494; baseline 0 0"><span class='ocrx_word' id='word_1_1' title='bbox 740 440 774 494; x_wconf 73' lang='lat'><strong>1³</strong></span> 
     </span>
    </p>
   </div>
   <div class='ocr_carea' id='block_1_2' title="bbox 143 610 1303 2556">
    <p class='ocr_par' dir='ltr' id='par_1_2' title="bbox 204 610 1303 1021">
     <span class='ocr_line' id='line_1_2' title="bbox 204 610 1302 696; baseline 0.005 -19"><span class='ocrx_word' id='word_1_2' title='bbox 204 610 271 677; x_wconf 74' lang='lat' dir='ltr'><strong>olis:</strong></span> <span class='ocrx_word' id='word_1_3' title='bbox 292 611 383 678; x_wconf 87' lang='lat' dir='ltr'><strong>illum</strong></span> <span class='ocrx_word' id='word_1_4' title='bbox 405 612 629 678; x_wconf 86' lang='lat' dir='ltr'><strong>sententiarum</strong></span> <span class='ocrx_word' id='word_1_5' title='bbox 652 631 746 678; x_wconf 88' lang='lat' dir='ltr'><strong>noxus</strong></span> <span class='ocrx_word' id='word_1_6' title='bbox 767 616 800 678; x_wconf 90' lang='lat' dir='ltr'><strong>et</strong></span> <span class='ocrx_word' id='word_1_7' title='bbox 818 631 867 678; x_wconf 86' lang='lat' dir='ltr'><strong>ros</strong></span> <span class='ocrx_word' id='word_1_8' title='bbox 887 611 965 696; x_wconf 83' lang='lat' dir='ltr'><strong>ipsa,</strong></span> <span class='ocrx_word' id='word_1_9' title='bbox 990 615 1073 680; x_wconf 88' lang='lat' dir='ltr'><strong>buno</strong></span> <span class='ocrx_word' id='word_1_10' title='bbox 1090 615 1204 682; x_wconf 79' lang='lat' dir='ltr'><strong>falsum</strong></span> <span class='ocrx_word' id='word_1_11' title='bbox 1221 615 1302 682; x_wconf 84' lang='lat' dir='ltr'><strong>tom·</strong></span> 
     </span>
     <span class='ocr_line' id='line_1_3' title="bbox 205 712 1301 806; baseline 0.005 -20"><span class='ocrx_word' id='word_1_12' title='bbox 205 739 264 804; x_wconf 85' lang='lat' dir='ltr'><strong>pus</strong></span> <span class='ocrx_word' id='word_1_13' title='bbox 286 722 372 788; x_wconf 81' lang='lat' dir='ltr'><strong>vorbi</strong></span> <span class='ocrx_word' id='word_1_14' title='bbox 392 712 616 804; x_wconf 68' lang='grc' dir='ltr'><strong><em>ἀπόλλυσθαι,</em></strong></span> <span class='ocrx_word' id='word_1_15' title='bbox 637 721 718 805; x_wconf 88' lang='lat' dir='ltr'><strong>quod</strong></span> <span class='ocrx_word' id='word_1_16' title='bbox 738 740 755 788; x_wconf 93' lang='lat' dir='ltr'><strong>e</strong></span> <span class='ocrx_word' id='word_1_17' title='bbox 774 740 803 786; x_wconf 86' lang='lat' dir='ltr'><strong>r.</strong></span> <span class='ocrx_word' id='word_1_18' title='bbox 819 722 860 786; x_wconf 88' lang='lat'><strong>39</strong></span> <span class='ocrx_word' id='word_1_19' title='bbox 874 723 1070 806; x_wconf 60' lang='lat' dir='ltr'><strong>asumptum</strong></span> <span class='ocrx_word' id='word_1_20' title='bbox 1084 725 1142 804; x_wconf 82' lang='lat' dir='ltr'><strong>est,</strong></span> <span class='ocrx_word' id='word_1_21' title='bbox 1162 724 1301 791; x_wconf 80' lang='lat' dir='ltr'><strong>damnat.</strong></span> 
     </span>
     <span class='ocr_line' id='line_1_4' title="bbox 205 829 1303 918; baseline 0.002 -22"><span class='ocrx_word' id='word_1_22' title='bbox 205 865 250 876; x_wconf 92' lang='lat'><em>-</em></span> <span class='ocrx_word' id='word_1_23' title='bbox 279 830 382 896; x_wconf 83' lang='lat' dir='ltr'><strong>Unam</strong></span> <span class='ocrx_word' id='word_1_24' title='bbox 415 831 521 896; x_wconf 88' lang='lat' dir='ltr'><strong>antem</strong></span> <span class='ocrx_word' id='word_1_25' title='bbox 553 830 669 897; x_wconf 84' lang='lat' dir='ltr'><strong>exordii</strong></span> <span class='ocrx_word' id='word_1_26' title='bbox 698 829 969 913; x_wconf 74' lang='lat' dir='ltr'><strong>interpolationem</strong></span> <span class='ocrx_word' id='word_1_27' title='bbox 1001 849 1126 914; x_wconf 79' lang='lat' dir='ltr'><strong>prorsus</strong></span> <span class='ocrx_word' id='word_1_28' title='bbox 1157 832 1303 918; x_wconf 76' lang='lat' dir='ltr'>neglexit.</span> 
     </span>
     <span class='ocr_line' id='line_1_5' title="bbox 204 938 507 1021; baseline 0.007 -18"><span class='ocrx_word' id='word_1_29' title='bbox 204 938 358 1021; x_wconf 80' lang='lat' dir='ltr'><strong>Inspioias</strong></span> <span class='ocrx_word' id='word_1_30' title='bbox 382 957 412 1006; x_wconf 84' lang='lat' dir='ltr'><strong>v.</strong></span> <span class='ocrx_word' id='word_1_31' title='bbox 435 939 465 1006; x_wconf 89' lang='grc'><strong>7.</strong></span> <span class='ocrx_word' id='word_1_32' title='bbox 487 941 507 1005; x_wconf 91' lang='grc'>8</span> 
     </span>
    </p>

    <p class='ocr_par' dir='ltr' id='par_1_3' title="bbox 406 1038 1064 1134">
     <span class='ocr_line' id='line_1_6' title="bbox 406 1038 1064 1134; baseline 0.002 -21"><span class='ocrx_word' id='word_1_33' title='bbox 406 1042 513 1114; x_wconf 72' lang='grc' dir='ltr'><strong><em>ἔνεστι</em></strong></span> <span class='ocrx_word' id='word_1_34' title='bbox 533 1043 593 1132; x_wconf 78' lang='grc' dir='ltr'><strong>γὰρ</strong></span> <span class='ocrx_word' id='word_1_35' title='bbox 615 1044 656 1134; x_wconf 71' lang='grc' dir='ltr'><em>δὴ</em></span> <span class='ocrx_word' id='word_1_36' title='bbox 679 1038 739 1113; x_wconf 75' lang='grc' dir='ltr'><strong><em>κᾶν</em></strong></span> <span class='ocrx_word' id='word_1_37' title='bbox 759 1047 855 1113; x_wconf 71' lang='grc' dir='ltr'><strong><em>θεῶν</em></strong></span> <span class='ocrx_word' id='word_1_38' title='bbox 875 1047 960 1132; x_wconf 82' lang='grc' dir='ltr'><strong><em>γένει</em></strong></span> <span class='ocrx_word' id='word_1_39' title='bbox 977 1041 1064 1116; x_wconf 73' lang='grc' dir='ltr'><strong><em>τόδε·</em></strong></span> 
     </span>
    </p>

    <p class='ocr_par' dir='ltr' id='par_1_4' title="bbox 143 1147 1303 2556">
     <span class='ocr_line' id='line_1_7' title="bbox 402 1147 1085 1242; baseline 0.004 -21"><span class='ocrx_word' id='word_1_40' title='bbox 402 1151 584 1241; x_wconf 75' lang='grc' dir='ltr'><strong><em>τιμώμενοι</em></strong></span> <span class='ocrx_word' id='word_1_41' title='bbox 602 1155 771 1242; x_wconf 73' lang='grc' dir='ltr'><strong><em>χαίρουσιν</em></strong></span> <span class='ocrx_word' id='word_1_42' title='bbox 793 1147 988 1240; x_wconf 71' lang='grc' dir='ltr'><strong><em>ἀνθρώπων</em></strong></span> <span class='ocrx_word' id='word_1_43' title='bbox 1008 1151 1085 1224; x_wconf 72' lang='grc' dir='ltr'><strong><em>ὕπο.</em></strong></span> 
     </span>
     <span class='ocr_line' id='line_1_8' title="bbox 205 1265 1301 1351; baseline 0.002 -18"><span class='ocrx_word' id='word_1_44' title='bbox 205 1265 437 1334; x_wconf 80' lang='lat' dir='ltr'><strong>Weilinsbaeo</strong></span> <span class='ocrx_word' id='word_1_45' title='bbox 456 1267 602 1334; x_wconf 82' lang='lat' dir='ltr'><strong>adnotat:</strong></span> <span class='ocrx_word' id='word_1_46' title='bbox 626 1267 690 1348; x_wconf 76' lang='lat' dir='ltr'><strong>„be</strong></span> <span class='ocrx_word' id='word_1_47' title='bbox 707 1273 797 1350; x_wconf 74' lang='grc' dir='ltr'><strong><em>μοέίι</em></strong></span> <span class='ocrx_word' id='word_1_48' title='bbox 813 1267 999 1351; x_wconf 71' lang='lat' dir='ltr'><strong>philosophe</strong></span> <span class='ocrx_word' id='word_1_49' title='bbox 1016 1269 1150 1334; x_wconf 77' lang='lat' dir='ltr'><strong>sosoioit</strong></span> <span class='ocrx_word' id='word_1_50' title='bbox 1169 1287 1208 1334; x_wconf 80' lang='grc' dir='ltr'><strong><em>ιο</em></strong></span> <span class='ocrx_word' id='word_1_51' title='bbox 1224 1269 1301 1335; x_wconf 71' lang='lat' dir='ltr'><strong>iosi-</strong></span> 
     </span>
     <span class='ocr_line' id='line_1_9' title="bbox 203 1376 1303 1458; baseline 0.001 -16"><span class='ocrx_word' id='word_1_52' title='bbox 203 1381 281 1442; x_wconf 81' lang='lat' dir='ltr'><strong>oont</strong></span> <span class='ocrx_word' id='word_1_53' title='bbox 301 1396 351 1442; x_wconf 85' lang='grc' dir='ltr'><strong>ιιο</strong></span> <span class='ocrx_word' id='word_1_54' title='bbox 369 1381 465 1444; x_wconf 59' lang='lat' dir='ltr'><strong>vere!</strong></span> <span class='ocrx_word' id='word_1_55' title='bbox 510 1377 612 1444; x_wconf 92' lang='lat' dir='ltr'><strong>Immo</strong></span> <span class='ocrx_word' id='word_1_56' title='bbox 633 1395 690 1443; x_wconf 88' lang='lat' dir='ltr'><strong>noe</strong></span> <span class='ocrx_word' id='word_1_57' title='bbox 712 1377 860 1458; x_wconf 81' lang='lat' dir='ltr'><strong>ridemus,</strong></span> <span class='ocrx_word' id='word_1_58' title='bbox 882 1396 954 1444; x_wconf 87' lang='lat' dir='ltr'><strong>oum</strong></span> <span class='ocrx_word' id='word_1_59' title='bbox 974 1378 1042 1444; x_wconf 86' lang='lat' dir='ltr'><strong>tam</strong></span> <span class='ocrx_word' id='word_1_60' title='bbox 1062 1376 1195 1444; x_wconf 83' lang='lat' dir='ltr'><strong>absurdo</strong></span> <span class='ocrx_word' id='word_1_61' title='bbox 1210 1377 1303 1443; x_wconf 79' lang='lat' dir='ltr'><strong>Euri·</strong></span> 
     </span>
     <span class='ocr_line' id='line_1_10' title="bbox 204 1483 1303 1569; baseline 0.002 -19"><span class='ocrx_word' id='word_1_62' title='bbox 204 1483 303 1568; x_wconf 86' lang='lat' dir='ltr'><strong>pideis</strong></span> <span class='ocrx_word' id='word_1_63' title='bbox 323 1485 508 1569; x_wconf 84' lang='lat' dir='ltr'><strong>interposita</strong></span> <span class='ocrx_word' id='word_1_64' title='bbox 530 1485 681 1552; x_wconf 82' lang='lat' dir='ltr'><strong>ridemus.</strong></span> <span class='ocrx_word' id='word_1_65' title='bbox 723 1485 845 1552; x_wconf 81' lang='lat' dir='ltr'><strong>Hocine</strong></span> <span class='ocrx_word' id='word_1_66' title='bbox 865 1486 943 1552; x_wconf 85' lang='lat' dir='ltr'><strong>dioit</strong></span> <span class='ocrx_word' id='word_1_67' title='bbox 964 1486 1068 1552; x_wconf 86' lang='lat' dir='ltr'><strong>Venus</strong></span> <span class='ocrx_word' id='word_1_68' title='bbox 1088 1485 1232 1569; x_wconf 85' lang='lat' dir='ltr'><strong>superbia</strong></span> <span class='ocrx_word' id='word_1_69' title='bbox 1252 1487 1303 1552; x_wconf 86' lang='lat' dir='ltr'><strong>in·</strong></span> 
     </span>
     <span class='ocr_line' id='line_1_11' title="bbox 205 1587 1300 1679; baseline -0.001 -19"><span class='ocrx_word' id='word_1_70' title='bbox 205 1593 284 1660; x_wconf 84' lang='lat' dir='ltr'><strong>flnts&#39;</strong></span> <span class='ocrx_word' id='word_1_71' title='bbox 300 1596 332 1660; x_wconf 86' lang='lat' dir='ltr'><strong>et</strong></span> <span class='ocrx_word' id='word_1_72' title='bbox 350 1595 399 1662; x_wconf 89' lang='lat' dir='ltr'><strong>ira</strong></span> <span class='ocrx_word' id='word_1_73' title='bbox 419 1594 587 1676; x_wconf 73' lang='lat' dir='ltr'><strong>musitata,</strong></span> <span class='ocrx_word' id='word_1_74' title='bbox 611 1594 715 1678; x_wconf 88' lang='lat' dir='ltr'><strong>qualis</strong></span> <span class='ocrx_word' id='word_1_75' title='bbox 737 1593 771 1659; x_wconf 94' lang='lat' dir='ltr'><strong>in</strong></span> <span class='ocrx_word' id='word_1_76' title='bbox 792 1613 935 1662; x_wconf 76' lang='lat' dir='ltr'><strong>scaenam</strong></span> <span class='ocrx_word' id='word_1_77' title='bbox 958 1593 1085 1677; x_wconf 80' lang='lat' dir='ltr'><strong>prodit?</strong></span> <span class='ocrx_word' id='word_1_78' title='bbox 1113 1587 1300 1679; x_wconf 72' lang='grc' dir='ltr'><strong>Σφάίίωί*</strong></span> 
     </span>
     <span class='ocr_line' id='line_1_12' title="bbox 203 1697 1301 1790; baseline 0.001 -21"><span class='ocrx_word' id='word_1_79' title='bbox 203 1697 280 1769; x_wconf 83' lang='grc' dir='ltr'><strong><em>ὅσοι</em></strong></span> <span class='ocrx_word' id='word_1_80' title='bbox 299 1706 479 1790; x_wconf 77' lang='grc' dir='ltr'><strong><em>φρονοῦσιν</em></strong></span> <span class='ocrx_word' id='word_1_81' title='bbox 501 1699 550 1781; x_wconf 79' lang='grc' dir='ltr'><strong>εἷς</strong></span> <span class='ocrx_word' id='word_1_82' title='bbox 569 1698 656 1789; x_wconf 80' lang='grc' dir='ltr'><strong><em>ἡμᾶς</em></strong></span> <span class='ocrx_word' id='word_1_83' title='bbox 680 1700 777 1786; x_wconf 67' lang='grc' dir='ltr'><strong><em>μέρος</em></strong></span> <span class='ocrx_word' id='word_1_84' title='bbox 812 1704 888 1768; x_wconf 83' lang='lat' dir='ltr'><strong>bueo</strong></span> <span class='ocrx_word' id='word_1_85' title='bbox 918 1703 1072 1769; x_wconf 87' lang='lat' dir='ltr'><strong>sententia</strong></span> <span class='ocrx_word' id='word_1_86' title='bbox 1101 1703 1206 1769; x_wconf 88' lang='lat' dir='ltr'><strong>animo</strong></span> <span class='ocrx_word' id='word_1_87' title='bbox 1235 1704 1301 1770; x_wconf 89' lang='lat' dir='ltr'><strong>eins</strong></span> 
     </span>
     <span class='ocr_line' id='line_1_13' title="bbox 203 1811 1303 1899; baseline -0.002 -19"><span class='ocrx_word' id='word_1_88' title='bbox 203 1815 282 1880; x_wconf 74' lang='lat' dir='ltr'><strong>subs</strong></span> <span class='ocrx_word' id='word_1_89' title='bbox 302 1814 399 1899; x_wconf 80' lang='lat' dir='ltr'><strong>digna</strong></span> <span class='ocrx_word' id='word_1_90' title='bbox 420 1815 478 1897; x_wconf 87' lang='lat' dir='ltr'><strong>est,</strong></span> <span class='ocrx_word' id='word_1_91' title='bbox 499 1813 561 1878; x_wconf 90' lang='lat' dir='ltr'><strong>dno</strong></span> <span class='ocrx_word' id='word_1_92' title='bbox 582 1813 777 1895; x_wconf 75' lang='lat' dir='ltr'><strong>insequentes</strong></span> <span class='ocrx_word' id='word_1_93' title='bbox 793 1829 899 1878; x_wconf 82' lang='lat' dir='ltr'><strong>versus</strong></span> <span class='ocrx_word' id='word_1_94' title='bbox 917 1811 980 1876; x_wconf 85' lang='lat' dir='ltr'><strong>diei</strong></span> <span class='ocrx_word' id='word_1_95' title='bbox 1000 1829 1061 1878; x_wconf 91' lang='lat' dir='ltr'><strong>non</strong></span> <span class='ocrx_word' id='word_1_96' title='bbox 1079 1811 1181 1894; x_wconf 82' lang='lat' dir='ltr'><strong>potest</strong></span> <span class='ocrx_word' id='word_1_97' title='bbox 1202 1831 1303 1895; x_wconf 85' lang='lat' dir='ltr'><strong>quan·</strong></span> 
     </span>
     <span class='ocr_line' id='line_1_14' title="bbox 203 1907 1302 2007; baseline -0.001 -19"><span class='ocrx_word' id='word_1_98' title='bbox 203 1925 272 1988; x_wconf 89' lang='lat' dir='ltr'><strong>tum</strong></span> <span class='ocrx_word' id='word_1_99' title='bbox 294 1923 473 2007; x_wconf 74' lang='lat' dir='ltr'><strong>langueant</strong></span> <span class='ocrx_word' id='word_1_100' title='bbox 504 1907 546 1987; x_wconf 77' lang='lat' dir='ltr'><strong>bt</strong></span> <span class='ocrx_word' id='word_1_101' title='bbox 564 1922 591 1987; x_wconf 86' lang='lat' dir='ltr'><strong>ei</strong></span> <span class='ocrx_word' id='word_1_102' title='bbox 612 1922 686 1986; x_wconf 84' lang='lat' dir='ltr'><strong>buia</strong></span> <span class='ocrx_word' id='word_1_103' title='bbox 700 1915 991 2004; x_wconf 79' lang='lat' dir='ltr'><strong>argumento&#39;lldem</strong></span> <span class='ocrx_word' id='word_1_104' title='bbox 1006 1937 1068 1986; x_wconf 92' lang='lat' dir='ltr'><strong>non</strong></span> <span class='ocrx_word' id='word_1_105' title='bbox 1081 1919 1186 2000; x_wconf 82' lang='lat' dir='ltr'><strong>babes,</strong></span> <span class='ocrx_word' id='word_1_106' title='bbox 1207 1939 1302 2004; x_wconf 79' lang='lat' dir='ltr'><strong>rogo:</strong></span> 
     </span>
     <span class='ocr_line' id='line_1_15' title="bbox 204 2017 1302 2115; baseline -0.002 -19"><span class='ocrx_word' id='word_1_107' title='bbox 204 2049 266 2115; x_wconf 89' lang='lat' dir='ltr'><strong>quo</strong></span> <span class='ocrx_word' id='word_1_108' title='bbox 283 2030 393 2097; x_wconf 80' lang='lat' dir='ltr'><strong>referes</strong></span> <span class='ocrx_word' id='word_1_109' title='bbox 415 2030 476 2096; x_wconf 83' lang='lat' dir='ltr'><strong>r.9</strong></span> <span class='ocrx_word' id='word_1_110' title='bbox 500 2027 595 2111; x_wconf 77' lang='grc' dir='ltr'><strong><em>δείξω</em></strong></span> <span class='ocrx_word' id='word_1_111' title='bbox 614 2025 651 2096; x_wconf 77' lang='grc' dir='ltr'><strong>δὲ</strong></span> <span class='ocrx_word' id='word_1_112' title='bbox 664 2021 785 2112; x_wconf 77' lang='grc' dir='ltr'><strong><em>μύθων</em></strong></span> <span class='ocrx_word' id='word_1_113' title='bbox 801 2026 897 2092; x_wconf 78' lang='grc' dir='ltr'><strong><em>τοῖνδ’</em></strong></span> <span class='ocrx_word' id='word_1_114' title='bbox 913 2017 1074 2114; x_wconf 73' lang='grc' dir='ltr'><strong><em>ἀλήθειαν</em></strong></span> <span class='ocrx_word' id='word_1_115' title='bbox 1092 2022 1198 2110; x_wconf 71' lang='lat' dir='ltr'><strong>rixa?</strong></span> <span class='ocrx_word' id='word_1_116' title='bbox 1225 2029 1302 2112; x_wconf 82' lang='lat' dir='ltr'><strong>Qui-</strong></span> 
     </span>
     <span class='ocr_line' id='line_1_16' title="bbox 205 2135 1301 2222; baseline 0 -16"><span class='ocrx_word' id='word_1_117' title='bbox 205 2159 278 2206; x_wconf 83' lang='lat' dir='ltr'><strong>nam</strong></span> <span class='ocrx_word' id='word_1_118' title='bbox 308 2140 382 2205; x_wconf 89' lang='lat' dir='ltr'><strong>sunt</strong></span> <span class='ocrx_word' id='word_1_119' title='bbox 410 2139 465 2204; x_wconf 90' lang='lat' dir='ltr'><strong>isti</strong></span> <span class='ocrx_word' id='word_1_120' title='bbox 491 2137 622 2222; x_wconf 67' lang='grc' dir='ltr'><strong><em>μῦθοιί</em></strong></span> <span class='ocrx_word' id='word_1_121' title='bbox 664 2137 740 2204; x_wconf 87' lang='lat' dir='ltr'><strong>Sine</strong></span> <span class='ocrx_word' id='word_1_122' title='bbox 761 2135 856 2202; x_wconf 86' lang='lat' dir='ltr'><strong>dubio</strong></span> <span class='ocrx_word' id='word_1_123' title='bbox 878 2136 1029 2202; x_wconf 86' lang='lat' dir='ltr'><strong>Venerem</strong></span> <span class='ocrx_word' id='word_1_124' title='bbox 1055 2138 1213 2220; x_wconf 84' lang='lat' dir='ltr'><strong>potentem</strong></span> <span class='ocrx_word' id='word_1_125' title='bbox 1236 2157 1301 2206; x_wconf 87' lang='lat' dir='ltr'><strong>esse</strong></span> 
     </span>
     <span class='ocr_line' id='line_1_17' title="bbox 204 2244 1301 2332; baseline 0.002 -18"><span class='ocrx_word' id='word_1_126' title='bbox 204 2249 294 2315; x_wconf 85' lang='lat' dir='ltr'><strong>deam</strong></span> <span class='ocrx_word' id='word_1_127' title='bbox 315 2249 346 2314; x_wconf 89' lang='lat' dir='ltr'><strong>et</strong></span> <span class='ocrx_word' id='word_1_128' title='bbox 364 2247 550 2314; x_wconf 75' lang='lat' dir='ltr'><strong>advusariis</strong></span> <span class='ocrx_word' id='word_1_129' title='bbox 571 2245 780 2327; x_wconf 77' lang='lat' dir='ltr'><strong>metuendam,</strong></span> <span class='ocrx_word' id='word_1_130' title='bbox 801 2245 907 2329; x_wconf 80' lang='lat' dir='ltr'><strong>qualia</strong></span> <span class='ocrx_word' id='word_1_131' title='bbox 929 2244 1078 2330; x_wconf 79' lang='lat' dir='ltr'><strong>leguntur</strong></span> <span class='ocrx_word' id='word_1_132' title='bbox 1087 2264 1117 2313; x_wconf 84' lang='lat' dir='ltr'><strong>v.</strong></span> <span class='ocrx_word' id='word_1_133' title='bbox 1128 2247 1159 2313; x_wconf 82' lang='lat'><strong>6.</strong></span> <span class='ocrx_word' id='word_1_134' title='bbox 1189 2248 1301 2332; x_wconf 85' lang='lat' dir='ltr'><strong>Itaque</strong></span> 
     </span>
     <span class='ocr_line' id='line_1_18' title="bbox 205 2353 1302 2446; baseline 0 -22"><span class='ocrx_word' id='word_1_135' title='bbox 205 2377 235 2424; x_wconf 83' lang='lat' dir='ltr'><strong>r.</strong></span> <span class='ocrx_word' id='word_1_136' title='bbox 257 2359 286 2426; x_wconf 87' lang='grc'><strong>7.</strong></span> <span class='ocrx_word' id='word_1_137' title='bbox 307 2359 328 2424; x_wconf 90' lang='grc'>8</span> <span class='ocrx_word' id='word_1_138' title='bbox 346 2357 469 2424; x_wconf 85' lang='lat' dir='ltr'><strong>delendi</strong></span> <span class='ocrx_word' id='word_1_139' title='bbox 493 2357 582 2424; x_wconf 86' lang='lat' dir='ltr'><strong>sunt:</strong></span> <span class='ocrx_word' id='word_1_140' title='bbox 613 2357 728 2423; x_wconf 85' lang='lat' dir='ltr'><strong>iterum</strong></span> <span class='ocrx_word' id='word_1_141' title='bbox 756 2353 842 2422; x_wconf 83' lang='lat' dir='ltr'><strong>dioto</strong></span> <span class='ocrx_word' id='word_1_142' title='bbox 867 2355 996 2438; x_wconf 83' lang='lat' dir='ltr'><strong>inipso</strong></span> <span class='ocrx_word' id='word_1_143' title='bbox 1025 2353 1146 2440; x_wconf 74' lang='lat' dir='ltr'><strong>prologi</strong></span> <span class='ocrx_word' id='word_1_144' title='bbox 1174 2375 1302 2446; x_wconf 78' lang='lat' dir='ltr'><strong>torpore</strong></span> 
     </span>
     <span class='ocr_line' id='line_1_19' title="bbox 143 2465 674 2556; baseline -0.002 -24"><span class='ocrx_word' id='word_1_145' title='bbox 143 2543 150 2556; x_wconf 24' lang='grc' dir='ltr'>ἱ</span> <span class='ocrx_word' id='word_1_146' title='bbox 204 2465 306 2550; x_wconf 79' lang='lat' dir='ltr'><strong>posito</strong></span> <span class='ocrx_word' id='word_1_147' title='bbox 327 2465 479 2534; x_wconf 83' lang='lat' dir='ltr'><strong>liberatur</strong></span> <span class='ocrx_word' id='word_1_148' title='bbox 499 2465 674 2550; x_wconf 78' lang='lat' dir='ltr'><strong>Euripides.</strong></span> 
     </span>
    </p>
   </div>
   <div class='ocr_carea' id='block_1_3' title="bbox 441 2641 1062 2751">
    <p class='ocr_par' dir='ltr' id='par_1_5' title="bbox 441 2641 1062 2751">
     <span class='ocr_line' id='line_1_20' title="bbox 441 2641 1062 2751; baseline -0.005 -39"><span class='ocrx_word' id='word_1_149' title='bbox 441 2643 472 2712; x_wconf 73' lang='lat' dir='ltr'><strong>l</strong></span> <span class='ocrx_word' id='word_1_150' title='bbox 515 2643 566 2712; x_wconf 88' lang='lat' dir='ltr'><strong>De</strong></span> <span class='ocrx_word' id='word_1_151' title='bbox 587 2641 876 2710; x_wconf 75' lang='lat' dir='ltr'><strong>Heraclidarnm</strong></span> <span class='ocrx_word' id='word_1_152' title='bbox 897 2641 1062 2751; x_wconf 78' lang='lat' dir='ltr'><strong>prologo.</strong></span> 
     </span>
    </p>
   </div>
   <div class='ocr_carea' id='block_1_4' title="bbox 202 2777 1300 3736">
    <p class='ocr_par' dir='ltr' id='par_1_6' title="bbox 202 2777 1300 3736">
     <span class='ocr_line' id='line_1_21' title="bbox 303 2777 1299 2864; baseline -0.001 -19"><span class='ocrx_word' id='word_1_153' title='bbox 303 2777 541 2846; x_wconf 83' lang='lat' dir='ltr'><strong>Heraobdarnm</strong></span> <span class='ocrx_word' id='word_1_154' title='bbox 563 2777 702 2846; x_wconf 84' lang='lat' dir='ltr'><strong>tabulam</strong></span> <span class='ocrx_word' id='word_1_155' title='bbox 723 2795 743 2844; x_wconf 91' lang='lat' dir='ltr'><strong>a</strong></span> <span class='ocrx_word' id='word_1_156' title='bbox 764 2777 941 2844; x_wconf 85' lang='lat' dir='ltr'><strong>nostrornm</strong></span> <span class='ocrx_word' id='word_1_157' title='bbox 959 2777 1134 2861; x_wconf 81' lang='lat' dir='ltr'><strong>temporum</strong></span> <span class='ocrx_word' id='word_1_158' title='bbox 1147 2777 1299 2864; x_wconf 81' lang='lat' dir='ltr'><strong>interpro-</strong></span> 
     </span>
     <span class='ocr_line' id='line_1_22' title="bbox 203 2885 1298 2974; baseline 0.002 -20"><span class='ocrx_word' id='word_1_159' title='bbox 203 2888 289 2955; x_wconf 82' lang='lat' dir='ltr'><strong>tibus</strong></span> <span class='ocrx_word' id='word_1_160' title='bbox 309 2887 484 2974; x_wconf 75' lang='lat' dir='ltr'><strong>neglectam</strong></span> <span class='ocrx_word' id='word_1_161' title='bbox 503 2905 542 2954; x_wconf 85' lang='lat' dir='ltr'><strong>ao</strong></span> <span class='ocrx_word' id='word_1_162' title='bbox 566 2904 663 2971; x_wconf 80' lang='lat' dir='ltr'><strong>poene</strong></span> <span class='ocrx_word' id='word_1_163' title='bbox 684 2885 863 2970; x_wconf 80' lang='lat' dir='ltr'><strong>ignoratum</strong></span> <span class='ocrx_word' id='word_1_164' title='bbox 883 2885 984 2954; x_wconf 86' lang='lat' dir='ltr'><strong>iaoere</strong></span> <span class='ocrx_word' id='word_1_165' title='bbox 1010 2903 1073 2952; x_wconf 91' lang='lat' dir='ltr'><strong>nou</strong></span> <span class='ocrx_word' id='word_1_166' title='bbox 1098 2885 1214 2954; x_wconf 89' lang='lat' dir='ltr'><strong>mirum</strong></span> <span class='ocrx_word' id='word_1_167' title='bbox 1236 2887 1298 2964; x_wconf 67' lang='lat' dir='ltr'><strong>este</strong></span> 
     </span>
     <span class='ocr_line' id='line_1_23' title="bbox 204 2995 1300 3081; baseline 0 -17"><span class='ocrx_word' id='word_1_168' title='bbox 204 2998 274 3081; x_wconf 84' lang='lat' dir='ltr'><strong>quis</strong></span> <span class='ocrx_word' id='word_1_169' title='bbox 294 2996 377 3064; x_wconf 90' lang='lat' dir='ltr'><strong>enim</strong></span> <span class='ocrx_word' id='word_1_170' title='bbox 398 2997 530 3064; x_wconf 86' lang='lat' dir='ltr'><strong>libenter</strong></span> <span class='ocrx_word' id='word_1_171' title='bbox 544 2996 661 3064; x_wconf 71' lang='lat' dir='ltr'><strong>barbi</strong></span> <span class='ocrx_word' id='word_1_172' title='bbox 680 2995 886 3080; x_wconf 83' lang='lat' dir='ltr'><strong>tragoediam,</strong></span> <span class='ocrx_word' id='word_1_173' title='bbox 907 3013 988 3079; x_wconf 87' lang='lat' dir='ltr'><strong>qnae</strong></span> <span class='ocrx_word' id='word_1_174' title='bbox 1008 3013 1107 3080; x_wconf 88' lang='lat' dir='ltr'><strong>noque</strong></span> <span class='ocrx_word' id='word_1_175' title='bbox 1125 3015 1229 3064; x_wconf 89' lang='lat' dir='ltr'><strong>rernm</strong></span> <span class='ocrx_word' id='word_1_176' title='bbox 1248 2998 1300 3064; x_wconf 92' lang='lat' dir='ltr'><strong>in·</strong></span> 
     </span>
     <span class='ocr_line' id='line_1_24' title="bbox 204 3103 1299 3191; baseline 0 -19"><span class='ocrx_word' id='word_1_177' title='bbox 204 3107 348 3172; x_wconf 81' lang='lat' dir='ltr'><strong>ventione</strong></span> <span class='ocrx_word' id='word_1_178' title='bbox 370 3124 468 3190; x_wconf 87' lang='lat' dir='ltr'><strong>neque</strong></span> <span class='ocrx_word' id='word_1_179' title='bbox 491 3106 629 3173; x_wconf 89' lang='lat' dir='ltr'><strong>moribus</strong></span> <span class='ocrx_word' id='word_1_180' title='bbox 651 3123 851 3189; x_wconf 80' lang='lat' dir='ltr'><strong>personarum</strong></span> <span class='ocrx_word' id='word_1_181' title='bbox 873 3105 998 3190; x_wconf 76' lang='lat' dir='ltr'><strong>egregie</strong></span> <span class='ocrx_word' id='word_1_182' title='bbox 1017 3103 1181 3189; x_wconf 74' lang='lat' dir='ltr'><strong>iesomptis</strong></span> <span class='ocrx_word' id='word_1_183' title='bbox 1201 3123 1299 3191; x_wconf 85' lang='lat' dir='ltr'><strong>neque</strong></span> 
     </span>
     <span class='ocr_line' id='line_1_25' title="bbox 204 3213 1300 3299; baseline 0 -17"><span class='ocrx_word' id='word_1_184' title='bbox 204 3216 333 3299; x_wconf 83' lang='lat' dir='ltr'><strong>poetiois</strong></span> <span class='ocrx_word' id='word_1_185' title='bbox 353 3214 524 3282; x_wconf 84' lang='lat' dir='ltr'><strong>luminibus</strong></span> <span class='ocrx_word' id='word_1_186' title='bbox 544 3213 664 3282; x_wconf 81' lang='lat' dir='ltr'><strong>animos</strong></span> <span class='ocrx_word' id='word_1_187' title='bbox 684 3214 857 3299; x_wconf 79' lang='lat' dir='ltr'><strong>legentium</strong></span> <span class='ocrx_word' id='word_1_188' title='bbox 877 3214 1004 3283; x_wconf 87' lang='lat' dir='ltr'><strong>allioere</strong></span> <span class='ocrx_word' id='word_1_189' title='bbox 1017 3214 1049 3282; x_wconf 87' lang='lat' dir='ltr'><strong>et</strong></span> <span class='ocrx_word' id='word_1_190' title='bbox 1062 3213 1215 3282; x_wconf 72' lang='lat' dir='ltr'><strong>romare</strong></span> <span class='ocrx_word' id='word_1_191' title='bbox 1227 3232 1300 3298; x_wconf 86' lang='lat' dir='ltr'><strong>pos·</strong></span> 
     </span>
     <span class='ocr_line' id='line_1_26' title="bbox 203 3321 1298 3408; baseline -0.002 -16"><span class='ocrx_word' id='word_1_192' title='bbox 203 3323 272 3392; x_wconf 82' lang='lat' dir='ltr'><strong>sit?</strong></span> <span class='ocrx_word' id='word_1_193' title='bbox 312 3324 438 3392; x_wconf 86' lang='lat' dir='ltr'><strong>Veteres</strong></span> <span class='ocrx_word' id='word_1_194' title='bbox 466 3324 572 3390; x_wconf 84' lang='lat' dir='ltr'><strong>tumen</strong></span> <span class='ocrx_word' id='word_1_195' title='bbox 600 3342 663 3390; x_wconf 92' lang='lat' dir='ltr'><strong>non</strong></span> <span class='ocrx_word' id='word_1_196' title='bbox 691 3323 793 3392; x_wconf 86' lang='lat' dir='ltr'><strong>solnm</strong></span> <span class='ocrx_word' id='word_1_197' title='bbox 817 3323 961 3408; x_wconf 78' lang='lat' dir='ltr'><strong>legerunt</strong></span> <span class='ocrx_word' id='word_1_198' title='bbox 985 3323 1018 3390; x_wconf 86' lang='lat' dir='ltr'><strong>ot</strong></span> <span class='ocrx_word' id='word_1_199' title='bbox 1045 3321 1298 3408; x_wconf 83' lang='lat' dir='ltr'><strong>oxoorpsorunt¹)‚</strong></span> 
     </span>
     <span class='ocr_line' id='line_1_27' title="bbox 203 3430 1297 3516; baseline 0.001 -16"><span class='ocrx_word' id='word_1_200' title='bbox 203 3433 256 3500; x_wconf 85' lang='lat' dir='ltr'><strong>sol</strong></span> <span class='ocrx_word' id='word_1_201' title='bbox 276 3435 383 3515; x_wconf 76' lang='lat' dir='ltr'><strong>etium,</strong></span> <span class='ocrx_word' id='word_1_202' title='bbox 414 3434 451 3500; x_wconf 89' lang='lat' dir='ltr'><strong>ut</strong></span> <span class='ocrx_word' id='word_1_203' title='bbox 478 3432 557 3500; x_wconf 89' lang='lat' dir='ltr'><strong>mibi</strong></span> <span class='ocrx_word' id='word_1_204' title='bbox 582 3432 709 3516; x_wconf 85' lang='lat' dir='ltr'><strong>quidem</strong></span> <span class='ocrx_word' id='word_1_205' title='bbox 729 3431 861 3512; x_wconf 77' lang='lat' dir='ltr'><strong>videtur,</strong></span> <span class='ocrx_word' id='word_1_206' title='bbox 894 3432 965 3516; x_wconf 84' lang='lat' dir='ltr'><strong>post</strong></span> <span class='ocrx_word' id='word_1_207' title='bbox 988 3430 1145 3516; x_wconf 76' lang='lat' dir='ltr'><strong>Euripidis</strong></span> <span class='ocrx_word' id='word_1_208' title='bbox 1165 3434 1297 3501; x_wconf 87' lang='lat' dir='ltr'><strong>mortem</strong></span> 
     </span>
     <span class='ocr_line' id='line_1_28' title="bbox 202 3539 1297 3625; baseline -0.001 -16"><span class='ocrx_word' id='word_1_209' title='bbox 202 3543 236 3609; x_wconf 94' lang='lat' dir='ltr'><strong>in</strong></span> <span class='ocrx_word' id='word_1_210' title='bbox 256 3561 368 3610; x_wconf 86' lang='lat' dir='ltr'><strong>soaena</strong></span> <span class='ocrx_word' id='word_1_211' title='bbox 388 3541 543 3610; x_wconf 75' lang='lat' dir='ltr'><strong>rinmunt</strong></span> <span class='ocrx_word' id='word_1_212' title='bbox 585 3541 693 3608; x_wconf 75' lang='lat' dir='ltr'><strong>retes</strong></span> <span class='ocrx_word' id='word_1_213' title='bbox 712 3541 787 3607; x_wconf 87' lang='lat' dir='ltr'><strong>eunt</strong></span> <span class='ocrx_word' id='word_1_214' title='bbox 800 3539 884 3606; x_wconf 81' lang='lat' dir='ltr'><strong>baud</strong></span> <span class='ocrx_word' id='word_1_215' title='bbox 904 3558 1022 3624; x_wconf 82' lang='lat' dir='ltr'><strong>paneae</strong></span> <span class='ocrx_word' id='word_1_216' title='bbox 1034 3539 1297 3625; x_wconf 84' lang='lat' dir='ltr'><strong>interpolutiones,</strong></span> 
     </span>
     <span class='ocr_line' id='line_1_29' title="bbox 203 3648 1298 3736; baseline -0.003 -16"><span class='ocrx_word' id='word_1_217' title='bbox 203 3671 281 3736; x_wconf 81' lang='lat' dir='ltr'><strong>quas</strong></span> <span class='ocrx_word' id='word_1_218' title='bbox 293 3651 335 3720; x_wconf 79' lang='lat' dir='ltr'><strong>sn</strong></span> <span class='ocrx_word' id='word_1_219' title='bbox 348 3651 515 3720; x_wconf 84' lang='lat' dir='ltr'><strong>histriones</strong></span> <span class='ocrx_word' id='word_1_220' title='bbox 525 3650 640 3720; x_wconf 79' lang='lat' dir='ltr'><strong>reform</strong></span> <span class='ocrx_word' id='word_1_221' title='bbox 651 3649 793 3734; x_wconf 84' lang='lat' dir='ltr'><strong>equidem</strong></span> <span class='ocrx_word' id='word_1_222' title='bbox 807 3649 913 3716; x_wconf 83' lang='lat' dir='ltr'><strong>nullus</strong></span> <span class='ocrx_word' id='word_1_223' title='bbox 926 3648 1035 3716; x_wconf 85' lang='lat' dir='ltr'><strong>dubito</strong></span> <span class='ocrx_word' id='word_1_224' title='bbox 1042 3649 1078 3730; x_wconf 87' lang='lat'><strong>¹).</strong></span> <span class='ocrx_word' id='word_1_225' title='bbox 1103 3648 1148 3718; x_wconf 89' lang='lat' dir='ltr'><strong>Ut</strong></span> <span class='ocrx_word' id='word_1_226' title='bbox 1161 3650 1298 3733; x_wconf 84' lang='lat' dir='ltr'><strong>quinque</strong></span> 
     </span>
    </p>
   </div>
   <div class='ocr_carea' id='block_1_5' title="bbox 302 3847 1296 4408">
    <p class='ocr_par' dir='ltr' id='par_1_7' title="bbox 302 3847 1296 4020">
     <span class='ocr_line' id='line_1_30' title="bbox 305 3847 1296 3926; baseline 0 -19"><span class='ocrx_word' id='word_1_227' title='bbox 305 3857 332 3924; x_wconf 81' lang='lat'><strong>1)</strong></span> <span class='ocrx_word' id='word_1_228' title='bbox 348 3852 455 3908; x_wconf 73' lang='lat' dir='ltr'><strong>Multus</strong></span> <span class='ocrx_word' id='word_1_229' title='bbox 473 3858 586 3910; x_wconf 68' lang='lat' dir='ltr'><strong>entant</strong></span> <span class='ocrx_word' id='word_1_230' title='bbox 604 3853 680 3926; x_wconf 78' lang='lat' dir='ltr'><strong>apud</strong></span> <span class='ocrx_word' id='word_1_231' title='bbox 694 3851 811 3924; x_wconf 75' lang='lat' dir='ltr'><strong>Hesynh.</strong></span> <span class='ocrx_word' id='word_1_232' title='bbox 824 3851 934 3925; x_wconf 78' lang='lat' dir='ltr'><strong>glossae</strong></span> <span class='ocrx_word' id='word_1_233' title='bbox 945 3867 980 3906; x_wconf 84' lang='lat' dir='ltr'><strong>ex</strong></span> <span class='ocrx_word' id='word_1_234' title='bbox 992 3847 1147 3904; x_wconf 74' lang='lat' dir='ltr'><strong>Hemalirlir</strong></span> <span class='ocrx_word' id='word_1_235' title='bbox 1161 3855 1296 3920; x_wconf 73' lang='lat' dir='ltr'><strong>sumptos</strong></span> 
     </span>
     <span class='ocr_line' id='line_1_31' title="bbox 302 3948 969 4020; baseline -0.009 -14"><span class='ocrx_word' id='word_1_236' title='bbox 302 3951 331 4020; x_wconf 79' lang='lat'><strong>2)</strong></span> <span class='ocrx_word' id='word_1_237' title='bbox 349 3949 448 4006; x_wconf 76' lang='lat' dir='ltr'><strong>Nonne</strong></span> <span class='ocrx_word' id='word_1_238' title='bbox 465 3951 551 4008; x_wconf 75' lang='lat' dir='ltr'><strong>otiam</strong></span> <span class='ocrx_word' id='word_1_239' title='bbox 568 3951 645 4008; x_wconf 81' lang='lat' dir='ltr'><strong>loeus</strong></span> <span class='ocrx_word' id='word_1_240' title='bbox 660 3949 746 4006; x_wconf 75' lang='lat' dir='ltr'><strong>Arist</strong></span> <span class='ocrx_word' id='word_1_241' title='bbox 764 3948 838 4004; x_wconf 75' lang='lat' dir='ltr'><strong>Plnt</strong></span> <span class='ocrx_word' id='word_1_242' title='bbox 857 3949 911 4002; x_wconf 71' lang='lat'><strong>882</strong></span> <span class='ocrx_word' id='word_1_243' title='bbox 927 3963 969 4018; x_wconf 80' lang='lat' dir='ltr'><strong>eq.</strong></span> 
     </span>
    </p>

    <p class='ocr_par' dir='ltr' id='par_1_8' title="bbox 400 4036 1018 4117">
     <span class='ocr_line' id='line_1_32' title="bbox 400 4036 1018 4117; baseline -0.005 -16"><span class='ocrx_word' id='word_1_244' title='bbox 400 4043 457 4116; x_wconf 64' lang='lat' dir='ltr'><strong>opo</strong></span> <span class='ocrx_word' id='word_1_245' title='bbox 474 4049 524 4102; x_wconf 72' lang='grc' dir='ltr'><strong><em>τιν’</em></strong></span> <span class='ocrx_word' id='word_1_246' title='bbox 543 4048 590 4102; x_wconf 76' lang='lat' dir='ltr'><strong>tut</strong></span> <span class='ocrx_word' id='word_1_247' title='bbox 607 4047 655 4101; x_wconf 79' lang='grc' dir='ltr'><strong>τοῦ</strong></span> <span class='ocrx_word' id='word_1_248' title='bbox 672 4041 794 4117; x_wconf 70' lang='grc' dir='ltr'><strong><em>βήματος</em></strong></span> <span class='ocrx_word' id='word_1_249' title='bbox 810 4036 1018 4114; x_wconf 69' lang='grc' dir='ltr'><strong>καθεδούμενον</strong></span> 
     </span>
    </p>

    <p class='ocr_par' dir='ltr' id='par_1_9' title="bbox 400 4139 949 4216">
     <span class='ocr_line' id='line_1_33' title="bbox 400 4139 949 4216; baseline 0.002 -21"><span class='ocrx_word' id='word_1_250' title='bbox 400 4143 537 4214; x_wconf 74' lang='grc' dir='ltr'><strong><em>ίεεειρρίσν</em></strong></span> <span class='ocrx_word' id='word_1_251' title='bbox 554 4145 654 4216; x_wconf 71' lang='grc' dir='ltr'><strong><em>ἔχοντα</em></strong></span> <span class='ocrx_word' id='word_1_252' title='bbox 670 4139 740 4214; x_wconf 75' lang='grc' dir='ltr'><strong><em>μετὰ</em></strong></span> <span class='ocrx_word' id='word_1_253' title='bbox 757 4141 813 4196; x_wconf 71' lang='grc' dir='ltr'><strong>τῶν</strong></span> <span class='ocrx_word' id='word_1_254' title='bbox 827 4139 949 4196; x_wconf 75' lang='grc' dir='ltr'><strong><em>παιδίοιν</em></strong></span> 
     </span>
    </p>

    <p class='ocr_par' dir='ltr' id='par_1_10' title="bbox 402 4231 1030 4310">
     <span class='ocr_line' id='line_1_34' title="bbox 402 4231 1030 4310; baseline -0.002 -18"><span class='ocrx_word' id='word_1_255' title='bbox 402 4241 448 4292; x_wconf 70' lang='lat' dir='ltr'><strong>nl</strong></span> <span class='ocrx_word' id='word_1_256' title='bbox 464 4240 511 4308; x_wconf 72' lang='grc' dir='ltr'><strong>τῆς</strong></span> <span class='ocrx_word' id='word_1_257' title='bbox 527 4234 670 4310; x_wconf 69' lang='grc' dir='ltr'><strong><em>γυναικός·</em></strong></span> <span class='ocrx_word' id='word_1_258' title='bbox 688 4233 738 4292; x_wconf 75' lang='grc' dir='ltr'><strong><em>ιιοίι</em></strong></span> <span class='ocrx_word' id='word_1_259' title='bbox 758 4236 889 4294; x_wconf 72' lang='grc' dir='ltr'><strong><em>διοίσοντ’</em></strong></span> <span class='ocrx_word' id='word_1_260' title='bbox 906 4231 1030 4308; x_wconf 74' lang='grc' dir='ltr'><strong><em>ἅνειιιρνς</em></strong></span> 
     </span>
    </p>

    <p class='ocr_par' dir='ltr' id='par_1_11' title="bbox 400 4330 1089 4408">
     <span class='ocr_line' id='line_1_35' title="bbox 400 4330 1089 4408; baseline -0.001 -20"><span class='ocrx_word' id='word_1_261' title='bbox 400 4335 456 4390; x_wconf 74' lang='grc' dir='ltr'><strong><em>οὖν</em></strong></span> <span class='ocrx_word' id='word_1_262' title='bbox 470 4333 653 4408; x_wconf 78' lang='grc' dir='ltr'><strong><em>Ἦρσιιίειίοῑν</em></strong></span> <span class='ocrx_word' id='word_1_263' title='bbox 670 4330 729 4390; x_wconf 71' lang='grc' dir='ltr'><strong>οὐδ’</strong></span> <span class='ocrx_word' id='word_1_264' title='bbox 747 4334 839 4392; x_wconf 76' lang='grc' dir='ltr'><strong><em>ὁτιοῦν</em></strong></span> <span class='ocrx_word' id='word_1_265' title='bbox 855 4335 911 4390; x_wconf 69' lang='grc' dir='ltr'><strong><em>νῦν</em></strong></span> <span class='ocrx_word' id='word_1_266' title='bbox 927 4333 1089 4406; x_wconf 70' lang='grc' dir='ltr'><strong><em>Παμφίλου,</em></strong></span> 
     </span>
    </p>
   </div>
   <div class='ocr_carea' id='block_1_6' title="bbox 0 0 1544 4960">
    <p class='ocr_par' dir='ltr' id='par_1_12' title="bbox 0 0 1544 4960">
     <span class='ocr_line' id='line_1_36' title="bbox 0 0 1544 4960; baseline 0 0"><span class='ocrx_word' id='word_1_267' title='bbox 0 0 1544 4960; x_wconf 95' lang='lat' dir='ltr'><strong> </strong></span> 
     </span>
    </p>
   </div>
  </div>
 </body>
</html>
