3080 4960
666 1635 908 1703 PRAEFATIO

338 1823 417 1892 cnm
432 1824 473 1891 ab
487 1822 679 1907 amplissimo
692 1821 944 1906 philosophorum
960 1823 1068 1888 ordine
1082 1823 1239 1890 Bonnensi
1253 1843 1334 1891 anno

238 1935 376 2018 proximo
390 1934 466 2000 haee
480 1933 638 2018 proposita
652 1932 732 1997 esset
746 1931 896 2016 quaestio,
912 1932 948 1996 ut
962 1931 1000 1998 de
1013 1931 1248 2016 Euripideorum
1264 1950 1335 2016 pro-

237 2044 382 2128 logomm
403 2043 472 2109 arte
492 2041 523 2108 et
545 2040 786 2126 interpolatione
807 2043 1015 2125 quaereretur,
1037 2059 1117 2126 quae
1141 2043 1218 2106 tuno
1238 2061 1274 2108 eo
1297 2041 1335 2108 de

239 2170 272 2217 re
285 2151 478 2236 scripseram,
500 2149 632 2235 henigne
646 2151 773 2234 aooepta
788 2150 820 2216 et
840 2150 976 2233 praemio
991 2152 1103 2217 ornata
1118 2151 1201 2217 sunt.
1234 2151 1334 2234 Quam

238 2259 530 2328 oommentationem
550 2257 658 2343 paneis
678 2258 810 2325 munus
831 2257 882 2324 hie
903 2275 1048 2342 pmpono.

337 2579 572 2665 Amplissimam
593 2561 775 2664 disputandi
796 2581 961 2648 matoriam
983 2580 1057 2647 inde
1076 2582 1116 2648 ah
1135 2579 1335 2666 antiquitatis

237 2689 428 2776 ternporihne
452 2707 550 2774 usque
575 2687 616 2755 ad
638 2689 745 2756 nostra
765 2689 843 2755 viris
867 2689 968 2756 dootis
989 2691 1156 2774 praebuere
1177 2689 1334 2774 Euripidis

236 2799 367 2884 pmlogi.
410 2798 516 2883 Atque
536 2798 710 2884 antiquitus
729 2799 788 2866 hae
810 2798 934 2883 quidem
957 2800 992 2865 in
1012 2816 1046 2865 re
1068 2798 1156 2878 nihil,
1179 2801 1333 2884 quantum

236 2909 335 2988 rideo,
366 2907 450 2988 feeit,
480 2907 539 2974 nisi
560 2907 643 2994 quod
664 2908 746 2974 hano
768 2907 965 2992 potissimum
985 2906 1220 2992 tragoediarum
1242 2907 1334 2974 Euri·

236 3017 396 3102 pideamm
417 3017 537 3102 partem
563 3017 700 3085 maxima
721 3018 951 3102 vituperatione
978 3018 1139 3101 porseouta
1163 3019 1222 3085 est.
1264 3018 1334 3102 Ipse

235 3128 317 3193 enim
340 3126 496 3211 Euripidis
518 3127 657 3212 aequalis
666 3127 900 3211 Aristophanes,
923 3129 960 3193 ut
973 3127 1012 3193 de
1025 3125 1188 3194 aliislooie
1201 3128 1333 3212 mosam,

236 3237 397 3303 Bonorum
419 3237 591 3303 notissimis
611 3237 748 3304 versibus
769 3236 902 3304 formam
925 3236 1124 3321 prologorum
1145 3236 1263 3303 omdeli
1277 3255 1333 3303 suo

236 3343 385 3431 ληνοθίῳ
405 3345 550 3428 perdidit,
573 3345 710 3413 tharn.
730 3345 771 3411 47
793 3365 839 3430 eq.
863 3346 1084 3430 argumentum
1105 3363 1210 3412 eorum
1231 3345 1334 3429 illepi-

236 3454 312 3520 dum
340 3454 537 3520 aoerhissime
561 3455 751 3539 perstrinxit
793 3455 835 3520 Et
861 3454 887 3520 si
911 3453 1112 3521 Aristotelem
1134 3455 1221 3520 Poet.
1243 3473 1269 3521 o.
1294 3457 1333 3522 13

237 3561 416 3646 Euripidem
436 3563 469 3629 et
487 3563 633 3630 laudibus
654 3562 798 3630 extollere
815 3565 847 3630 et
868 3565 1045 3648 vituperare
1058 3563 1207 3644 videmus,
1239 3583 1332 3649 quam

235 3671 432 3755 reprehendit
459 3673 575 3740 melam
607 3671 784 3740 fabularum
811 3673 876 3739 eius
906 3668 1096 3756 οἰκονομίαν
1127 3675 1261 3740 marimo
1292 3673 1333 3741 ad

235 3780 379 3866 prologos
400 3781 553 3866 pertinere
574 3801 636 3848 non
654 3783 769 3848 temere
783 3781 963 3848 oouioimus.
992 3781 1116 3850 Similia
1129 3783 1215 3849 fuere
1226 3801 1333 3868 gram·

236 3889 423 3956 matioomm
438 3890 718 3958 Alexandrinorum
739 3891 866 3971 iudieia,
888 3910 1019 3976 quorum
1036 3891 1213 3976 fragmenta
1225 3909 1333 3976 spuma

233 3999 267 4064 in
293 3991 419 4066 soholiis
447 3999 597 4084 legimus,
630 4001 706 4085 quin
733 3999 829 4067 etiam
851 4001 915 4066 illis
936 3995 1101 4086 πρόλογος
1123 3993 1333 4086 Εὐριπίδειος

235 4107 324 4194 quasi
346 4103 569 4194 πρωτότοκον
588 4109 738 4179 orationis
757 4109 880 4177 ieiunae
894 4113 927 4177 et
940 4110 1079 4178 insuavis
1093 4111 1218 4177 videtum
1235 4110 1330 4178 tuisse

236 4216 352 4302 (Sohol.
374 4219 468 4286 Hom.
491 4221 520 4286 Ο
540 4221 606 4302 ol).

335 4328 397 4397 Ubi
418 4329 488 4412 post
502 4330 568 4396 mm
583 4330 765 4398 diuturnum
780 4329 942 4398 Musarum
955 4329 1115 4397 silentium
1130 4331 1224 4396 etiam
1239 4330 1331 4398 Emi·
