<?xml version="1.0" encoding="UTF-8"?>
<!DOCTYPE html PUBLIC "-//W3C//DTD XHTML 1.0 Transitional//EN"
    "http://www.w3.org/TR/xhtml1/DTD/xhtml1-transitional.dtd">
<html xmlns="http://www.w3.org/1999/xhtml" xml:lang="en" lang="en">
 <head>
  <title>
</title>
<meta http-equiv="Content-Type" content="text/html;charset=utf-8" />
  <meta name='ocr-system' content='tesseract 3.04.00' />
  <meta name='ocr-capabilities' content='ocr_page ocr_carea ocr_par ocr_line ocrx_word'/>
</head>
<body>
  <div class='ocr_page' id='page_1' title='image "./deeuripideorump01klingoog_0100.png"; bbox 0 0 3080 4960; ppageno 0'>
   <div class='ocr_carea' id='block_1_1' title="bbox 171 541 1331 1428">
    <p class='ocr_par' dir='ltr' id='par_1_1' title="bbox 171 541 1331 1428">
     <span class='ocr_line' id='line_1_1' title="bbox 233 541 1331 640; baseline 0.005 -20"><span class='ocrx_word' id='word_1_1' title='bbox 233 541 324 640; x_wconf 83' lang='grc' dir='ltr'><strong><em>α’μφὶ</em></strong></span> <span class='ocrx_word' id='word_1_2' title='bbox 344 550 502 638; x_wconf 72' lang='grc' dir='ltr'><strong><em>παρθένῳ</em></strong></span> <span class='ocrx_word' id='word_1_3' title='bbox 524 571 619 620; x_wconf 91' lang='lat' dir='ltr'><strong>unam</strong></span> <span class='ocrx_word' id='word_1_4' title='bbox 640 553 859 620; x_wconf 80' lang='lat' dir='ltr'><strong>difficultatem</strong></span> <span class='ocrx_word' id='word_1_5' title='bbox 879 557 1022 636; x_wconf 80' lang='lat' dir='ltr'><strong>removit,</strong></span> <span class='ocrx_word' id='word_1_6' title='bbox 1053 558 1185 625; x_wconf 87' lang='lat' dir='ltr'><strong>alteram</strong></span> <span class='ocrx_word' id='word_1_7' title='bbox 1212 559 1331 626; x_wconf 89' lang='lat' dir='ltr'><strong>intulit.</strong></span> 
     </span>
     <span class='ocr_line' id='line_1_2' title="bbox 236 662 1329 748; baseline 0.005 -20"><span class='ocrx_word' id='word_1_8' title='bbox 236 663 275 728; x_wconf 88' lang='lat' dir='ltr'><strong>V.</strong></span> <span class='ocrx_word' id='word_1_9' title='bbox 290 663 393 730; x_wconf 87' lang='lat' dir='ltr'><strong>autem</strong></span> <span class='ocrx_word' id='word_1_10' title='bbox 412 663 480 742; x_wconf 81' lang='lat'><strong>104,</strong></span> <span class='ocrx_word' id='word_1_11' title='bbox 506 662 564 728; x_wconf 90' lang='lat' dir='ltr'><strong>etsi</strong></span> <span class='ocrx_word' id='word_1_12' title='bbox 586 681 639 746; x_wconf 88' lang='lat' dir='ltr'><strong>per</strong></span> <span class='ocrx_word' id='word_1_13' title='bbox 660 682 691 729; x_wconf 90' lang='lat' dir='ltr'><strong>se</strong></span> <span class='ocrx_word' id='word_1_14' title='bbox 713 663 833 730; x_wconf 87' lang='lat' dir='ltr'><strong>nullam</strong></span> <span class='ocrx_word' id='word_1_15' title='bbox 852 667 979 748; x_wconf 89' lang='lat' dir='ltr'><strong>praebet</strong></span> <span class='ocrx_word' id='word_1_16' title='bbox 1000 665 1172 734; x_wconf 80' lang='lat' dir='ltr'><strong>offendendi</strong></span> <span class='ocrx_word' id='word_1_17' title='bbox 1194 685 1329 746; x_wconf 87' lang='lat' dir='ltr'><strong>oausam,</strong></span> 
     </span>
     <span class='ocr_line' id='line_1_3' title="bbox 232 765 1327 858; baseline 0.004 -20"><span class='ocrx_word' id='word_1_18' title='bbox 232 773 337 838; x_wconf 48' lang='lat' dir='ltr'><strong>&amp;men</strong></span> <span class='ocrx_word' id='word_1_19' title='bbox 359 771 453 838; x_wconf 80' lang='lat' dir='ltr'><strong>verbu</strong></span> <span class='ocrx_word' id='word_1_20' title='bbox 474 765 560 853; x_wconf 84' lang='grc' dir='ltr'><strong><em>πρὸς</em></strong></span> <span class='ocrx_word' id='word_1_21' title='bbox 580 765 715 854; x_wconf 76' lang='grc' dir='ltr'><strong><em>δάμαρτ’</em></strong></span> <span class='ocrx_word' id='word_1_22' title='bbox 740 767 822 858; x_wconf 75' lang='grc' dir='ltr'><strong>ἐμήν</strong></span> <span class='ocrx_word' id='word_1_23' title='bbox 844 775 1006 840; x_wconf 80' lang='lat' dir='ltr'><strong>mutuatus</strong></span> <span class='ocrx_word' id='word_1_24' title='bbox 1028 794 1091 842; x_wconf 82' lang='lat' dir='ltr'><strong>esse</strong></span> <span class='ocrx_word' id='word_1_25' title='bbox 1112 775 1236 842; x_wconf 83' lang='lat' dir='ltr'><strong>videtur</strong></span> <span class='ocrx_word' id='word_1_26' title='bbox 1259 796 1275 841; x_wconf 84' lang='grc' dir='ltr'><strong>θ</strong></span> <span class='ocrx_word' id='word_1_27' title='bbox 1297 796 1327 842; x_wconf 85' lang='lat' dir='ltr'><strong>v.</strong></span> 
     </span>
     <span class='ocr_line' id='line_1_4' title="bbox 171 877 1325 968; baseline 0.004 -23"><span class='ocrx_word' id='word_1_28' title='bbox 171 877 176 888; x_wconf 91' lang='lat'>&#39;</span> <span class='ocrx_word' id='word_1_29' title='bbox 233 881 285 946; x_wconf 81' lang='lat'><strong>99.</strong></span> <span class='ocrx_word' id='word_1_30' title='bbox 306 881 375 946; x_wconf 86' lang='lat' dir='ltr'><strong>Hoe</strong></span> <span class='ocrx_word' id='word_1_31' title='bbox 390 881 513 964; x_wconf 88' lang='lat' dir='ltr'><strong>quidem</strong></span> <span class='ocrx_word' id='word_1_32' title='bbox 533 881 611 946; x_wconf 93' lang='lat' dir='ltr'><strong>mihi</strong></span> <span class='ocrx_word' id='word_1_33' title='bbox 636 882 843 948; x_wconf 81' lang='lat' dir='ltr'><strong>certissimum</strong></span> <span class='ocrx_word' id='word_1_34' title='bbox 866 884 913 948; x_wconf 93' lang='lat' dir='ltr'><strong>est</strong></span> <span class='ocrx_word' id='word_1_35' title='bbox 934 885 1007 968; x_wconf 89' lang='lat' dir='ltr'><strong>post</strong></span> <span class='ocrx_word' id='word_1_36' title='bbox 1027 903 1056 949; x_wconf 87' lang='lat' dir='ltr'><strong>v.</strong></span> <span class='ocrx_word' id='word_1_37' title='bbox 1074 886 1134 949; x_wconf 87' lang='grc'><strong>100</strong></span> <span class='ocrx_word' id='word_1_38' title='bbox 1155 885 1325 951; x_wconf 73' lang='lat' dir='ltr'><strong>clausulam</strong></span> 
     </span>
     <span class='ocr_line' id='line_1_5' title="bbox 234 989 1327 1076; baseline 0.002 -20"><span class='ocrx_word' id='word_1_39' title='bbox 234 989 372 1073; x_wconf 86' lang='lat' dir='ltr'><strong>aliquam</strong></span> <span class='ocrx_word' id='word_1_40' title='bbox 401 989 555 1056; x_wconf 80' lang='lat' dir='ltr'><strong>addidisse</strong></span> <span class='ocrx_word' id='word_1_41' title='bbox 578 989 767 1073; x_wconf 83' lang='lat' dir='ltr'><strong>Euripidem,</strong></span> <span class='ocrx_word' id='word_1_42' title='bbox 801 991 837 1056; x_wconf 90' lang='lat' dir='ltr'><strong>ut</strong></span> <span class='ocrx_word' id='word_1_43' title='bbox 864 991 954 1056; x_wconf 91' lang='lat' dir='ltr'><strong>dolus</strong></span> <span class='ocrx_word' id='word_1_44' title='bbox 980 991 1233 1076; x_wconf 79' lang='lat' dir='ltr'><strong>Agamemnonis,</strong></span> <span class='ocrx_word' id='word_1_45' title='bbox 1266 1011 1327 1076; x_wconf 85' lang='lat' dir='ltr'><strong>quo</strong></span> 
     </span>
     <span class='ocr_line' id='line_1_6' title="bbox 233 1098 1326 1185; baseline 0.002 -21"><span class='ocrx_word' id='word_1_46' title='bbox 233 1098 363 1166; x_wconf 75' lang='lat' dir='ltr'><strong>fallebat</strong></span> <span class='ocrx_word' id='word_1_47' title='bbox 395 1117 529 1179; x_wconf 83' lang='lat' dir='ltr'><strong>uxorem,</strong></span> <span class='ocrx_word' id='word_1_48' title='bbox 562 1098 676 1164; x_wconf 85' lang='lat' dir='ltr'><strong>elarius</strong></span> <span class='ocrx_word' id='word_1_49' title='bbox 709 1101 879 1182; x_wconf 86' lang='lat' dir='ltr'><strong>appareret.</strong></span> <span class='ocrx_word' id='word_1_50' title='bbox 923 1101 1010 1167; x_wconf 87' lang='lat' dir='ltr'><strong>Haeo</strong></span> <span class='ocrx_word' id='word_1_51' title='bbox 1037 1101 1137 1185; x_wconf 86' lang='lat' dir='ltr'><strong>igitur</strong></span> <span class='ocrx_word' id='word_1_52' title='bbox 1166 1100 1229 1167; x_wconf 84' lang='lat' dir='ltr'><strong>lere</strong></span> <span class='ocrx_word' id='word_1_53' title='bbox 1257 1121 1326 1167; x_wconf 90' lang='lat' dir='ltr'><strong>eum</strong></span> 
     </span>
     <span class='ocr_line' id='line_1_7' title="bbox 233 1209 543 1291; baseline -0.003 -19"><span class='ocrx_word' id='word_1_54' title='bbox 233 1209 391 1291; x_wconf 89' lang='lat' dir='ltr'><strong>soripsisse</strong></span> <span class='ocrx_word' id='word_1_55' title='bbox 411 1209 543 1274; x_wconf 88' lang='lat' dir='ltr'><strong>oouieio:</strong></span> 
     </span>
     <span class='ocr_line' id='line_1_8' title="bbox 382 1333 1140 1428; baseline 0.005 -22"><span class='ocrx_word' id='word_1_56' title='bbox 382 1337 496 1407; x_wconf 72' lang='grc' dir='ltr'><strong><em>πειθώ</em></strong></span> <span class='ocrx_word' id='word_1_57' title='bbox 517 1336 576 1426; x_wconf 82' lang='grc' dir='ltr'><strong>γὰρ</strong></span> <span class='ocrx_word' id='word_1_58' title='bbox 598 1333 686 1424; x_wconf 78' lang='grc' dir='ltr'><strong><em>εἶχον</em></strong></span> <span class='ocrx_word' id='word_1_59' title='bbox 707 1336 812 1428; x_wconf 77' lang='grc' dir='ltr'><strong><em>τήνδε,</em></strong></span> <span class='ocrx_word' id='word_1_60' title='bbox 836 1340 1007 1426; x_wconf 71' lang='grc' dir='ltr'><strong><em>παρθένου</em></strong></span> <span class='ocrx_word' id='word_1_61' title='bbox 1028 1336 1140 1426; x_wconf 77' lang='grc' dir='ltr'><strong><em>γάμον.</em></strong></span> 
     </span>
    </p>
   </div>
   <div class='ocr_carea' id='block_1_2' title="bbox 232 1475 1328 3297">
    <p class='ocr_par' dir='ltr' id='par_1_2' title="bbox 232 1475 1328 2306">
     <span class='ocr_line' id='line_1_9' title="bbox 234 1475 1327 1562; baseline 0 -18"><span class='ocrx_word' id='word_1_62' title='bbox 234 1478 301 1544; x_wconf 85' lang='lat' dir='ltr'><strong>Iam</strong></span> <span class='ocrx_word' id='word_1_63' title='bbox 322 1477 508 1562; x_wconf 79' lang='lat' dir='ltr'><strong>sequebatur</strong></span> <span class='ocrx_word' id='word_1_64' title='bbox 529 1495 565 1542; x_wconf 87' lang='lat' dir='ltr'><strong>ea</strong></span> <span class='ocrx_word' id='word_1_65' title='bbox 584 1475 705 1560; x_wconf 83' lang='lat' dir='ltr'><strong>prologi</strong></span> <span class='ocrx_word' id='word_1_66' title='bbox 723 1496 805 1560; x_wconf 84' lang='lat' dir='ltr'><strong>pars,</strong></span> <span class='ocrx_word' id='word_1_67' title='bbox 828 1495 908 1559; x_wconf 89' lang='lat' dir='ltr'><strong>quae</strong></span> <span class='ocrx_word' id='word_1_68' title='bbox 923 1496 1002 1543; x_wconf 85' lang='lat' dir='ltr'><strong>novo</strong></span> <span class='ocrx_word' id='word_1_69' title='bbox 1017 1476 1147 1544; x_wconf 79' lang='lat' dir='ltr'><strong>conside</strong></span> <span class='ocrx_word' id='word_1_70' title='bbox 1158 1479 1327 1562; x_wconf 84' lang='lat' dir='ltr'><strong>Agamem-</strong></span> 
     </span>
     <span class='ocr_line' id='line_1_10' title="bbox 235 1585 1324 1669; baseline 0.002 -16"><span class='ocrx_word' id='word_1_71' title='bbox 235 1588 333 1666; x_wconf 88' lang='lat' dir='ltr'><strong>nonis,</strong></span> <span class='ocrx_word' id='word_1_72' title='bbox 364 1585 476 1669; x_wconf 86' lang='lat' dir='ltr'><strong>quibus</strong></span> <span class='ocrx_word' id='word_1_73' title='bbox 497 1585 600 1668; x_wconf 86' lang='lat' dir='ltr'><strong>priora</strong></span> <span class='ocrx_word' id='word_1_74' title='bbox 620 1585 711 1652; x_wconf 88' lang='lat' dir='ltr'><strong>irrita</strong></span> <span class='ocrx_word' id='word_1_75' title='bbox 733 1586 858 1661; x_wconf 79' lang='lat' dir='ltr'><strong>lateret,</strong></span> <span class='ocrx_word' id='word_1_76' title='bbox 881 1587 1068 1652; x_wconf 83' lang='lat' dir='ltr'><strong>eontinebat.</strong></span> <span class='ocrx_word' id='word_1_77' title='bbox 1110 1587 1201 1654; x_wconf 86' lang='lat' dir='ltr'><strong>Hane</strong></span> <span class='ocrx_word' id='word_1_78' title='bbox 1221 1591 1324 1655; x_wconf 89' lang='lat' dir='ltr'><strong>autem</strong></span> 
     </span>
     <span class='ocr_line' id='line_1_11' title="bbox 235 1693 1327 1778; baseline 0.001 -16"><span class='ocrx_word' id='word_1_79' title='bbox 235 1696 358 1762; x_wconf 90' lang='lat' dir='ltr'><strong>omnino</strong></span> <span class='ocrx_word' id='word_1_80' title='bbox 388 1695 550 1760; x_wconf 86' lang='lat' dir='ltr'><strong>immutari</strong></span> <span class='ocrx_word' id='word_1_81' title='bbox 578 1693 722 1760; x_wconf 89' lang='lat' dir='ltr'><strong>debuisse</strong></span> <span class='ocrx_word' id='word_1_82' title='bbox 747 1694 788 1760; x_wconf 89' lang='lat' dir='ltr'><strong>ab</strong></span> <span class='ocrx_word' id='word_1_83' title='bbox 813 1713 848 1760; x_wconf 87' lang='lat' dir='ltr'><strong>eo</strong></span> <span class='ocrx_word' id='word_1_84' title='bbox 874 1695 929 1778; x_wconf 86' lang='lat' dir='ltr'><strong>qui</strong></span> <span class='ocrx_word' id='word_1_85' title='bbox 949 1697 1131 1777; x_wconf 83' lang='lat' dir='ltr'><strong>anapaestos</strong></span> <span class='ocrx_word' id='word_1_86' title='bbox 1155 1696 1275 1762; x_wconf 87' lang='lat' dir='ltr'><strong>addidit</strong></span> <span class='ocrx_word' id='word_1_87' title='bbox 1296 1700 1327 1762; x_wconf 90' lang='lat' dir='ltr'><strong>et</strong></span> 
     </span>
     <span class='ocr_line' id='line_1_12' title="bbox 234 1801 1326 1888; baseline 0.001 -18"><span class='ocrx_word' id='word_1_88' title='bbox 234 1823 335 1870; x_wconf 87' lang='lat' dir='ltr'><strong>senem</strong></span> <span class='ocrx_word' id='word_1_89' title='bbox 357 1803 389 1868; x_wconf 94' lang='lat' dir='ltr'><strong>in</strong></span> <span class='ocrx_word' id='word_1_90' title='bbox 412 1822 523 1868; x_wconf 82' lang='lat' dir='ltr'><strong>scaena</strong></span> <span class='ocrx_word' id='word_1_91' title='bbox 545 1804 735 1885; x_wconf 82' lang='lat' dir='ltr'><strong>praesentem</strong></span> <span class='ocrx_word' id='word_1_92' title='bbox 759 1801 857 1882; x_wconf 86' lang='lat' dir='ltr'><strong>linxit,</strong></span> <span class='ocrx_word' id='word_1_93' title='bbox 880 1804 1033 1868; x_wconf 91' lang='lat' dir='ltr'><strong>neminem</strong></span> <span class='ocrx_word' id='word_1_94' title='bbox 1054 1803 1147 1888; x_wconf 83' lang='lat' dir='ltr'><strong>fugit.</strong></span> <span class='ocrx_word' id='word_1_95' title='bbox 1191 1805 1249 1871; x_wconf 88' lang='lat' dir='ltr'><strong>Sed</strong></span> <span class='ocrx_word' id='word_1_96' title='bbox 1270 1825 1326 1871; x_wconf 93' lang='lat' dir='ltr'><strong>an·</strong></span> 
     </span>
     <span class='ocr_line' id='line_1_13' title="bbox 233 1911 1327 1998; baseline -0.002 -18"><span class='ocrx_word' id='word_1_97' title='bbox 233 1915 358 1998; x_wconf 90' lang='lat' dir='ltr'><strong>tequam</strong></span> <span class='ocrx_word' id='word_1_98' title='bbox 378 1912 528 1978; x_wconf 81' lang='lat' dir='ltr'><strong>iudicium</strong></span> <span class='ocrx_word' id='word_1_99' title='bbox 550 1931 653 1978; x_wconf 90' lang='lat' dir='ltr'><strong>meum</strong></span> <span class='ocrx_word' id='word_1_100' title='bbox 677 1913 715 1978; x_wconf 90' lang='lat' dir='ltr'><strong>ds</strong></span> <span class='ocrx_word' id='word_1_101' title='bbox 743 1911 864 1996; x_wconf 85' lang='lat' dir='ltr'><strong>prologi</strong></span> <span class='ocrx_word' id='word_1_102' title='bbox 892 1911 1086 1978; x_wconf 78' lang='lat' dir='ltr'><strong>conclusione</strong></span> <span class='ocrx_word' id='word_1_103' title='bbox 1114 1913 1243 1987; x_wconf 79' lang='lat' dir='ltr'><strong>edicam,</strong></span> <span class='ocrx_word' id='word_1_104' title='bbox 1276 1933 1327 1978; x_wconf 86' lang='lat' dir='ltr'><strong>eos</strong></span> 
     </span>
     <span class='ocr_line' id='line_1_14' title="bbox 233 2021 1326 2106; baseline 0 -19"><span class='ocrx_word' id='word_1_105' title='bbox 233 2041 310 2106; x_wconf 86' lang='lat' dir='ltr'><strong>quos</strong></span> <span class='ocrx_word' id='word_1_106' title='bbox 333 2021 469 2088; x_wconf 91' lang='lat' dir='ltr'><strong>nondum</strong></span> <span class='ocrx_word' id='word_1_107' title='bbox 491 2021 731 2087; x_wconf 78' lang='lat' dir='ltr'><strong>commemorari</strong></span> <span class='ocrx_word' id='word_1_108' title='bbox 753 2039 898 2087; x_wconf 83' lang='lat' dir='ltr'><strong>versuum</strong></span> <span class='ocrx_word' id='word_1_109' title='bbox 921 2021 1086 2087; x_wconf 83' lang='lat' dir='ltr'><strong>loo-114</strong></span> <span class='ocrx_word' id='word_1_110' title='bbox 1105 2041 1217 2088; x_wconf 83' lang='lat' dir='ltr'><strong>naeuos</strong></span> <span class='ocrx_word' id='word_1_111' title='bbox 1232 2041 1326 2106; x_wconf 87' lang='lat' dir='ltr'><strong>quam</strong></span> 
     </span>
     <span class='ocr_line' id='line_1_15' title="bbox 232 2130 1328 2214; baseline -0.002 -17"><span class='ocrx_word' id='word_1_112' title='bbox 232 2131 412 2198; x_wconf 76' lang='lat' dir='ltr'><strong>brevissime</strong></span> <span class='ocrx_word' id='word_1_113' title='bbox 428 2131 619 2214; x_wconf 77' lang='lat' dir='ltr'><strong>persensebo.</strong></span> <span class='ocrx_word' id='word_1_114' title='bbox 664 2131 792 2197; x_wconf 88' lang='lat' dir='ltr'><strong>Duabus</strong></span> <span class='ocrx_word' id='word_1_115' title='bbox 813 2131 852 2197; x_wconf 92' lang='lat' dir='ltr'><strong>de</strong></span> <span class='ocrx_word' id='word_1_116' title='bbox 872 2132 974 2198; x_wconf 86' lang='lat' dir='ltr'><strong>oensis</strong></span> <span class='ocrx_word' id='word_1_117' title='bbox 995 2130 1121 2196; x_wconf 89' lang='lat' dir='ltr'><strong>tolerari</strong></span> <span class='ocrx_word' id='word_1_118' title='bbox 1144 2150 1204 2196; x_wconf 91' lang='lat' dir='ltr'><strong>non</strong></span> <span class='ocrx_word' id='word_1_119' title='bbox 1227 2131 1328 2214; x_wconf 90' lang='lat' dir='ltr'><strong>potest</strong></span> 
     </span>
     <span class='ocr_line' id='line_1_16' title="bbox 233 2240 400 2306; baseline -0.006 0"><span class='ocrx_word' id='word_1_120' title='bbox 233 2240 400 2306; x_wconf 88' lang='lat' dir='ltr'><strong>sententia:</strong></span> 
     </span>
    </p>

    <p class='ocr_par' dir='ltr' id='par_1_3' title="bbox 419 2363 1121 2456">
     <span class='ocr_line' id='line_1_17' title="bbox 419 2363 1121 2456; baseline -0.004 -18"><span class='ocrx_word' id='word_1_121' title='bbox 419 2367 516 2456; x_wconf 83' lang='grc' dir='ltr'><strong><em>μόνοι</em></strong></span> <span class='ocrx_word' id='word_1_122' title='bbox 537 2370 567 2437; x_wconf 74' lang='grc' dir='ltr'><strong>δ’</strong></span> <span class='ocrx_word' id='word_1_123' title='bbox 589 2363 730 2453; x_wconf 78' lang='grc' dir='ltr'><strong><em>Ἀχαιῶν</em></strong></span> <span class='ocrx_word' id='word_1_124' title='bbox 751 2364 857 2453; x_wconf 81' lang='grc' dir='ltr'><strong><em>ἰὀμεν,</em></strong></span> <span class='ocrx_word' id='word_1_125' title='bbox 880 2369 925 2448; x_wconf 74' lang='grc' dir='ltr'><strong>ὥς</strong></span> <span class='ocrx_word' id='word_1_126' title='bbox 946 2367 1013 2454; x_wconf 76' lang='grc' dir='ltr'><strong><em>ἔχει</em></strong></span> <span class='ocrx_word' id='word_1_127' title='bbox 1034 2363 1121 2455; x_wconf 80' lang='grc' dir='ltr'><strong><em>τάδε,</em></strong></span> 
     </span>
    </p>

    <p class='ocr_par' dir='ltr' id='par_1_4' title="bbox 232 2472 1324 2918">
     <span class='ocr_line' id='line_1_18' title="bbox 425 2472 1015 2562; baseline -0.007 -15"><span class='ocrx_word' id='word_1_128' title='bbox 425 2477 557 2562; x_wconf 81' lang='grc' dir='ltr'><strong><em>Κάλχας</em></strong></span> <span class='ocrx_word' id='word_1_129' title='bbox 577 2472 745 2558; x_wconf 62' lang='lat' dir='ltr'><strong>monueris</strong></span> <span class='ocrx_word' id='word_1_130' title='bbox 766 2480 942 2558; x_wconf 76' lang='grc' dir='ltr'><strong><em>Μενέλεως</em></strong></span> <span class='ocrx_word' id='word_1_131' title='bbox 961 2479 1015 2543; x_wconf 76' lang='grc' dir='ltr'><strong>θ’·</strong></span> 
     </span>
     <span class='ocr_line' id='line_1_19' title="bbox 235 2608 1324 2700; baseline -0.005 -17"><span class='ocrx_word' id='word_1_132' title='bbox 235 2618 370 2699; x_wconf 90' lang='lat' dir='ltr'><strong>postulat</strong></span> <span class='ocrx_word' id='word_1_133' title='bbox 388 2618 469 2682; x_wconf 90' lang='lat' dir='ltr'><strong>enim</strong></span> <span class='ocrx_word' id='word_1_134' title='bbox 490 2609 593 2697; x_wconf 83' lang='grc' dir='ltr'><strong><em>ἰἀμεν,</em></strong></span> <span class='ocrx_word' id='word_1_135' title='bbox 617 2618 654 2681; x_wconf 91' lang='lat' dir='ltr'><strong>ut</strong></span> <span class='ocrx_word' id='word_1_136' title='bbox 668 2617 863 2700; x_wconf 83' lang='lat' dir='ltr'><strong>Agamemno</strong></span> <span class='ocrx_word' id='word_1_137' title='bbox 881 2615 946 2698; x_wconf 92' lang='lat' dir='ltr'><strong>ipse</strong></span> <span class='ocrx_word' id='word_1_138' title='bbox 967 2632 1041 2679; x_wconf 80' lang='lat' dir='ltr'><strong>vote</strong></span> <span class='ocrx_word' id='word_1_139' title='bbox 1059 2608 1121 2697; x_wconf 78' lang='grc' dir='ltr'><strong>ἐγώ</strong></span> <span class='ocrx_word' id='word_1_140' title='bbox 1138 2614 1272 2692; x_wconf 76' lang='lat' dir='ltr'><strong>notetur,</strong></span> <span class='ocrx_word' id='word_1_141' title='bbox 1293 2615 1324 2680; x_wconf 91' lang='lat' dir='ltr'><strong>et</strong></span> 
     </span>
     <span class='ocr_line' id='line_1_20' title="bbox 232 2722 1323 2809; baseline -0.004 -18"><span class='ocrx_word' id='word_1_142' title='bbox 232 2725 372 2792; x_wconf 89' lang='lat' dir='ltr'><strong>addenda</strong></span> <span class='ocrx_word' id='word_1_143' title='bbox 393 2727 460 2792; x_wconf 91' lang='lat' dir='ltr'><strong>erat</strong></span> <span class='ocrx_word' id='word_1_144' title='bbox 481 2727 635 2809; x_wconf 80' lang='lat' dir='ltr'><strong>particula</strong></span> <span class='ocrx_word' id='word_1_145' title='bbox 655 2749 691 2790; x_wconf 76' lang='grc' dir='ltr'><strong>τε</strong></span> <span class='ocrx_word' id='word_1_146' title='bbox 712 2727 783 2807; x_wconf 89' lang='lat' dir='ltr'><strong>post</strong></span> <span class='ocrx_word' id='word_1_147' title='bbox 798 2725 898 2792; x_wconf 80' lang='lat' dir='ltr'><strong>Ulixis</strong></span> <span class='ocrx_word' id='word_1_148' title='bbox 914 2743 1025 2790; x_wconf 90' lang='lat' dir='ltr'><strong>nomen</strong></span> <span class='ocrx_word' id='word_1_149' title='bbox 1033 2723 1068 2805; x_wconf 87' lang='lat'><strong>¹).</strong></span> <span class='ocrx_word' id='word_1_150' title='bbox 1092 2722 1323 2806; x_wconf 79' lang='lat' dir='ltr'><strong>Tautologiem,</strong></span> 
     </span>
     <span class='ocr_line' id='line_1_21' title="bbox 232 2835 589 2918; baseline 0.003 -19"><span class='ocrx_word' id='word_1_151' title='bbox 232 2853 311 2918; x_wconf 87' lang='lat' dir='ltr'><strong>quae</strong></span> <span class='ocrx_word' id='word_1_152' title='bbox 331 2837 412 2902; x_wconf 88' lang='lat' dir='ltr'><strong>inest</strong></span> <span class='ocrx_word' id='word_1_153' title='bbox 431 2837 463 2900; x_wconf 92' lang='lat' dir='ltr'><strong>in</strong></span> <span class='ocrx_word' id='word_1_154' title='bbox 486 2835 589 2901; x_wconf 82' lang='lat' dir='ltr'><strong>verbis</strong></span> 
     </span>
    </p>

    <p class='ocr_par' dir='ltr' id='par_1_5' title="bbox 541 2959 1127 3046">
     <span class='ocr_line' id='line_1_22' title="bbox 541 2959 1127 3046; baseline -0.003 -13"><span class='ocrx_word' id='word_1_155' title='bbox 541 2959 620 3035; x_wconf 68' lang='grc' dir='ltr'><strong>δ’δὲ</strong></span> <span class='ocrx_word' id='word_1_156' title='bbox 640 2966 778 3034; x_wconf 71' lang='grc' dir='ltr'><strong><em>κέκευθε</em></strong></span> <span class='ocrx_word' id='word_1_157' title='bbox 799 2967 911 3046; x_wconf 79' lang='grc' dir='ltr'><strong><em>δέλτος</em></strong></span> <span class='ocrx_word' id='word_1_158' title='bbox 933 2965 967 3032; x_wconf 82' lang='grc' dir='ltr'><strong>έν</strong></span> <span class='ocrx_word' id='word_1_159' title='bbox 987 2968 1127 3046; x_wconf 79' lang='grc' dir='ltr'><strong><em>πτυχαῖς</em></strong></span> 
     </span>
    </p>

    <p class='ocr_par' dir='ltr' id='par_1_6' title="bbox 428 3067 1138 3164">
     <span class='ocr_line' id='line_1_23' title="bbox 428 3067 1138 3164; baseline -0.008 -20"><span class='ocrx_word' id='word_1_160' title='bbox 428 3073 514 3162; x_wconf 82' lang='grc' dir='ltr'><strong><em>λόγῳ</em></strong></span> <span class='ocrx_word' id='word_1_161' title='bbox 535 3074 652 3164; x_wconf 83' lang='grc' dir='ltr'><strong><em>φράσω</em></strong></span> <span class='ocrx_word' id='word_1_162' title='bbox 674 3100 728 3143; x_wconf 91' lang='grc' dir='ltr'><strong>σοι</strong></span> <span class='ocrx_word' id='word_1_163' title='bbox 750 3071 858 3142; x_wconf 77' lang='grc' dir='ltr'><strong><em>πάντα</em></strong></span> <span class='ocrx_word' id='word_1_164' title='bbox 877 3067 1138 3162; x_wconf 75' lang='grc' dir='ltr'><strong><em>τάγγεγραμμένα</em></strong></span> 
     </span>
    </p>

    <p class='ocr_par' dir='ltr' id='par_1_7' title="bbox 233 3207 1323 3297">
     <span class='ocr_line' id='line_1_24' title="bbox 233 3207 1323 3297; baseline -0.004 -22"><span class='ocrx_word' id='word_1_165' title='bbox 233 3230 320 3277; x_wconf 93' lang='lat' dir='ltr'><strong>nemo</strong></span> <span class='ocrx_word' id='word_1_166' title='bbox 344 3232 431 3297; x_wconf 89' lang='lat' dir='ltr'><strong>spero</strong></span> <span class='ocrx_word' id='word_1_167' title='bbox 452 3213 567 3278; x_wconf 91' lang='lat' dir='ltr'><strong>nostris</strong></span> <span class='ocrx_word' id='word_1_168' title='bbox 588 3212 777 3297; x_wconf 90' lang='lat' dir='ltr'><strong>temporibus</strong></span> <span class='ocrx_word' id='word_1_169' title='bbox 792 3211 865 3278; x_wconf 84' lang='lat' dir='ltr'><strong>ferri</strong></span> <span class='ocrx_word' id='word_1_170' title='bbox 887 3229 974 3295; x_wconf 88' lang='lat' dir='ltr'><strong>posse</strong></span> <span class='ocrx_word' id='word_1_171' title='bbox 995 3208 1173 3276; x_wconf 85' lang='lat' dir='ltr'><strong>affirmabit.</strong></span> <span class='ocrx_word' id='word_1_172' title='bbox 1206 3207 1323 3272; x_wconf 90' lang='lat' dir='ltr'><strong>Iterum</strong></span> 
     </span>
    </p>
   </div>
   <div class='ocr_carea' id='block_1_3' title="bbox 231 3315 1324 3514">
    <p class='ocr_par' dir='ltr' id='par_1_8' title="bbox 231 3315 1324 3514">
     <span class='ocr_line' id='line_1_25' title="bbox 231 3315 1323 3404; baseline -0.005 -20"><span class='ocrx_word' id='word_1_173' title='bbox 231 3318 484 3402; x_wconf 88' lang='lat' dir='ltr'><strong>deprehendimus</strong></span> <span class='ocrx_word' id='word_1_174' title='bbox 500 3319 578 3385; x_wconf 94' lang='lat' dir='ltr'><strong>illud</strong></span> <span class='ocrx_word' id='word_1_175' title='bbox 593 3321 852 3404; x_wconf 86' lang='lat' dir='ltr'><strong>interpolatorum</strong></span> <span class='ocrx_word' id='word_1_176' title='bbox 867 3319 1033 3386; x_wconf 78' lang='lat' dir='ltr'><strong>artificium</strong></span> <span class='ocrx_word' id='word_1_177' title='bbox 1048 3336 1141 3401; x_wconf 90' lang='lat' dir='ltr'><strong>supra</strong></span> <span class='ocrx_word' id='word_1_178' title='bbox 1155 3315 1323 3381; x_wconf 88' lang='lat' dir='ltr'><strong>identidem</strong></span> 
     </span>
     <span class='ocr_line' id='line_1_26' title="bbox 233 3423 1324 3514; baseline -0.005 -20"><span class='ocrx_word' id='word_1_179' title='bbox 233 3429 430 3514; x_wconf 72' lang='lat' dir='ltr'><strong>castigatum,</strong></span> <span class='ocrx_word' id='word_1_180' title='bbox 462 3431 498 3494; x_wconf 93' lang='lat' dir='ltr'><strong>ut</strong></span> <span class='ocrx_word' id='word_1_181' title='bbox 524 3429 606 3512; x_wconf 88' lang='lat' dir='ltr'><strong>quod</strong></span> <span class='ocrx_word' id='word_1_182' title='bbox 634 3429 813 3512; x_wconf 87' lang='lat' dir='ltr'><strong>pronomine</strong></span> <span class='ocrx_word' id='word_1_183' title='bbox 839 3428 971 3494; x_wconf 85' lang='lat' dir='ltr'><strong>relativo</strong></span> <span class='ocrx_word' id='word_1_184' title='bbox 996 3426 1116 3493; x_wconf 81' lang='lat' dir='ltr'><strong>dietum</strong></span> <span class='ocrx_word' id='word_1_185' title='bbox 1145 3425 1191 3491; x_wconf 88' lang='lat' dir='ltr'><strong>est</strong></span> <span class='ocrx_word' id='word_1_186' title='bbox 1217 3423 1324 3506; x_wconf 83' lang='lat' dir='ltr'><strong>postea</strong></span> 
     </span>
    </p>
   </div>
   <div class='ocr_carea' id='block_1_4' title="bbox 235 3637 431 3650">
    <p class='ocr_par' dir='ltr' id='par_1_9' title="bbox 235 3637 431 3650">
     <span class='ocr_line' id='line_1_27' title="bbox 235 3637 431 3650; baseline -0.01 0"><span class='ocrx_word' id='word_1_187' title='bbox 235 3637 431 3650; x_wconf 47' lang='lat' dir='ltr'><strong>un*</strong></span> 
     </span>
    </p>
   </div>
   <div class='ocr_carea' id='block_1_5' title="bbox 230 3767 1378 4324">
    <p class='ocr_par' dir='ltr' id='par_1_10' title="bbox 230 3767 1378 4231">
     <span class='ocr_line' id='line_1_28' title="bbox 335 3767 1323 3844; baseline -0.003 -18"><span class='ocrx_word' id='word_1_188' title='bbox 335 3772 361 3841; x_wconf 90' lang='lat'><strong>1)</strong></span> <span class='ocrx_word' id='word_1_189' title='bbox 380 3771 530 3828; x_wconf 80' lang='lat' dir='ltr'><strong>Senserunt</strong></span> <span class='ocrx_word' id='word_1_190' title='bbox 553 3772 733 3828; x_wconf 80' lang='lat' dir='ltr'><strong>difficultates</strong></span> <span class='ocrx_word' id='word_1_191' title='bbox 756 3771 921 3844; x_wconf 82' lang='lat' dir='ltr'><strong>Heuuigiun,</strong></span> <span class='ocrx_word' id='word_1_192' title='bbox 949 3771 998 3840; x_wconf 88' lang='lat' dir='ltr'><strong>qni</strong></span> <span class='ocrx_word' id='word_1_193' title='bbox 1021 3770 1040 3826; x_wconf 89' lang='lat' dir='ltr'><strong>l.</strong></span> <span class='ocrx_word' id='word_1_194' title='bbox 1059 3771 1078 3824; x_wconf 93' lang='lat' dir='ltr'><strong>l.</strong></span> <span class='ocrx_word' id='word_1_195' title='bbox 1101 3787 1128 3841; x_wconf 92' lang='lat' dir='ltr'><strong>p.</strong></span> <span class='ocrx_word' id='word_1_196' title='bbox 1147 3771 1181 3824; x_wconf 80' lang='lat' dir='ltr'><strong>Bt</strong></span> <span class='ocrx_word' id='word_1_197' title='bbox 1206 3767 1270 3824; x_wconf 74' lang='lat' dir='ltr'><strong>adn·</strong></span> <span class='ocrx_word' id='word_1_198' title='bbox 1289 3769 1323 3822; x_wconf 73' lang='lat'><strong>22</strong></span> 
     </span>
     <span class='ocr_line' id='line_1_29' title="bbox 233 3861 1323 3940; baseline 0 -18"><span class='ocrx_word' id='word_1_199' title='bbox 233 3861 344 3940; x_wconf 73' lang='grc' dir='ltr'><strong><em>Κάλχας</em></strong></span> <span class='ocrx_word' id='word_1_200' title='bbox 361 3867 384 3922; x_wconf 82' lang='grc' dir='ltr'><strong>τ’</strong></span> <span class='ocrx_word' id='word_1_201' title='bbox 399 3865 543 3930; x_wconf 73' lang='grc' dir='ltr'><strong>Ὀδυσσεὺς</strong></span> <span class='ocrx_word' id='word_1_202' title='bbox 559 3873 704 3930; x_wconf 75' lang='grc' dir='ltr'><strong>Μενέλεως</strong></span> <span class='ocrx_word' id='word_1_203' title='bbox 724 3870 752 3922; x_wconf 74' lang='grc' dir='ltr'><strong>θ’</strong></span> <span class='ocrx_word' id='word_1_204' title='bbox 775 3870 951 3926; x_wconf 80' lang='lat' dir='ltr'><strong>scribendum</strong></span> <span class='ocrx_word' id='word_1_205' title='bbox 968 3869 1110 3940; x_wconf 89' lang='lat' dir='ltr'><strong>proponit,</strong></span> <span class='ocrx_word' id='word_1_206' title='bbox 1138 3871 1166 3922; x_wconf 92' lang='lat' dir='ltr'><strong>et</strong></span> <span class='ocrx_word' id='word_1_207' title='bbox 1184 3867 1323 3936; x_wconf 76' lang='lat' dir='ltr'><strong>Vitellium,</strong></span> 
     </span>
     <span class='ocr_line' id='line_1_30' title="bbox 231 3963 1322 4038; baseline -0.002 -18"><span class='ocrx_word' id='word_1_208' title='bbox 231 3965 280 4034; x_wconf 88' lang='lat' dir='ltr'><strong>qui</strong></span> <span class='ocrx_word' id='word_1_209' title='bbox 304 3967 332 4020; x_wconf 92' lang='lat' dir='ltr'><strong>iu</strong></span> <span class='ocrx_word' id='word_1_210' title='bbox 356 3965 485 4020; x_wconf 78' lang='lat' dir='ltr'><strong>editionis</strong></span> <span class='ocrx_word' id='word_1_211' title='bbox 509 3983 574 4022; x_wconf 82' lang='lat' dir='ltr'><strong>auae</strong></span> <span class='ocrx_word' id='word_1_212' title='bbox 593 3967 786 4024; x_wconf 77' lang='lat' dir='ltr'><strong>Introdueione</strong></span> <span class='ocrx_word' id='word_1_213' title='bbox 807 3985 836 4038; x_wconf 89' lang='lat' dir='ltr'><strong>p.</strong></span> <span class='ocrx_word' id='word_1_214' title='bbox 855 3965 958 4022; x_wconf 81' lang='lat' dir='ltr'>XXXV</span> <span class='ocrx_word' id='word_1_215' title='bbox 975 3967 1066 4022; x_wconf 81' lang='lat' dir='ltr'><strong>locum</strong></span> <span class='ocrx_word' id='word_1_216' title='bbox 1091 3965 1131 4020; x_wconf 84' lang='lat' dir='ltr'><strong>aio</strong></span> <span class='ocrx_word' id='word_1_217' title='bbox 1154 3963 1322 4022; x_wconf 83' lang='lat' dir='ltr'><strong>ooniormat:</strong></span> 
     </span>
     <span class='ocr_line' id='line_1_31' title="bbox 235 4053 1321 4134; baseline 0 -20"><span class='ocrx_word' id='word_1_218' title='bbox 235 4055 344 4132; x_wconf 76' lang='grc' dir='ltr'><strong><em>Κάλχας</em></strong></span> <span class='ocrx_word' id='word_1_219' title='bbox 359 4057 502 4121; x_wconf 76' lang='grc' dir='ltr'><strong>Ὀδυσσεὺς</strong></span> <span class='ocrx_word' id='word_1_220' title='bbox 521 4067 665 4126; x_wconf 74' lang='grc' dir='ltr'><strong>Μενέλεως</strong></span> <span class='ocrx_word' id='word_1_221' title='bbox 686 4061 740 4134; x_wconf 68' lang='grc' dir='ltr'><strong>ἐγὼ</strong></span> <span class='ocrx_word' id='word_1_222' title='bbox 760 4063 801 4116; x_wconf 74' lang='grc' dir='ltr'><strong>θ’·</strong></span> <span class='ocrx_word' id='word_1_223' title='bbox 820 4059 838 4116; x_wconf 75' lang='lat' dir='ltr'><strong>i</strong></span> <span class='ocrx_word' id='word_1_224' title='bbox 857 4065 883 4116; x_wconf 76' lang='grc' dir='ltr'><strong>δ’</strong></span> <span class='ocrx_word' id='word_1_225' title='bbox 900 4061 932 4118; x_wconf 79' lang='grc' dir='ltr'><strong>οὐ</strong></span> <span class='ocrx_word' id='word_1_226' title='bbox 949 4061 1037 4122; x_wconf 68' lang='grc' dir='ltr'><strong><em>καλῶς</em></strong></span> <span class='ocrx_word' id='word_1_227' title='bbox 1053 4057 1116 4130; x_wconf 81' lang='grc' dir='ltr'><strong><em>τότ’,</em></strong></span> <span class='ocrx_word' id='word_1_228' title='bbox 1143 4053 1222 4120; x_wconf 69' lang='grc' dir='ltr'><strong><em>αὖθις</em></strong></span> <span class='ocrx_word' id='word_1_229' title='bbox 1241 4077 1321 4132; x_wconf 82' lang='grc' dir='ltr'><strong><em>μετα·</em></strong></span> 
     </span>
     <span class='ocr_line' id='line_1_32' title="bbox 230 4151 1378 4231; baseline 0 -21"><span class='ocrx_word' id='word_1_230' title='bbox 230 4151 332 4230; x_wconf 75' lang='grc' dir='ltr'><strong><em>γράφω</em></strong></span> <span class='ocrx_word' id='word_1_231' title='bbox 350 4157 437 4216; x_wconf 70' lang='grc' dir='ltr'><strong><em>καλῶς</em></strong></span> <span class='ocrx_word' id='word_1_232' title='bbox 455 4151 538 4214; x_wconf 72' lang='grc' dir='ltr'><strong><em>πάλιν</em></strong></span> <span class='ocrx_word' id='word_1_233' title='bbox 555 4161 609 4214; x_wconf 63' lang='lat' dir='ltr'><strong>art</strong></span> <span class='ocrx_word' id='word_1_234' title='bbox 638 4159 742 4216; x_wconf 86' lang='lat' dir='ltr'><strong>Neuter</strong></span> <span class='ocrx_word' id='word_1_235' title='bbox 760 4159 861 4216; x_wconf 80' lang='lat' dir='ltr'><strong>menda</strong></span> <span class='ocrx_word' id='word_1_236' title='bbox 876 4160 958 4231; x_wconf 77' lang='lat' dir='ltr'><strong>plane</strong></span> <span class='ocrx_word' id='word_1_237' title='bbox 978 4158 1091 4212; x_wconf 76' lang='lat' dir='ltr'><strong>sustulit</strong></span> <span class='ocrx_word' id='word_1_238' title='bbox 1109 4155 1322 4226; x_wconf 87' lang='lat' dir='ltr'><strong>nequeomnino</strong></span> <span class='ocrx_word' id='word_1_239' title='bbox 1373 4162 1378 4170; x_wconf 90' lang='grc'><strong>’</strong></span> 
     </span>
    </p>

    <p class='ocr_par' dir='ltr' id='par_1_11' title="bbox 230 4253 434 4324">
     <span class='ocr_line' id='line_1_33' title="bbox 230 4253 434 4324; baseline 0.01 -18"><span class='ocrx_word' id='word_1_240' title='bbox 230 4253 292 4306; x_wconf 86' lang='lat' dir='ltr'><strong>tolli</strong></span> <span class='ocrx_word' id='word_1_241' title='bbox 311 4257 434 4324; x_wconf 70' lang='lat' dir='ltr'><strong>ponunt.</strong></span> 
     </span>
    </p>
   </div>
   <div class='ocr_carea' id='block_1_6' title="bbox 0 0 1544 4960">
    <p class='ocr_par' dir='ltr' id='par_1_12' title="bbox 0 0 1544 4960">
     <span class='ocr_line' id='line_1_34' title="bbox 0 0 1544 4960; baseline 0 0"><span class='ocrx_word' id='word_1_242' title='bbox 0 0 1544 4960; x_wconf 95' lang='lat' dir='ltr'><strong> </strong></span> 
     </span>
    </p>
   </div>
  </div>
 </body>
</html>
