3080 4960
746 413 781 466 48

220 586 358 664 spectum
382 583 428 646 est
449 581 542 646 etiam
567 549 926 664 6666161666Ἓλληνές.
963 579 1051 644 11661
1073 580 1156 644 euim
1174 578 1318 644 animad-

200 693 338 756 uertere
359 690 539 773 Euripidem
563 689 697 755 Graecos
726 690 834 754 eontra
867 689 992 754 Troiam
1025 687 1176 770 profectos
1203 687 1235 751 in
1261 687 1320 752 166

220 801 327 866 fabula
359 818 444 865 more
468 800 635 865 Homerico
663 789 898 878 661Ἀγαιοίς
929 815 1039 863 vocare
1071 798 1127 862 aut
1152 787 1321 879 Ἀργείους

221 907 273 992 (of.
297 929 325 973 r.
348 909 396 972 19.
422 909 473 972 64.
496 908 546 974 66.
571 908 619 972 71.
642 909 692 972 81.
716 908 778 972 236
800 887 865 972 etos
884 941 921 952 -
944 907 973 971 8.
995 907 1045 972 94.
1072 907 1141 971 159.
1164 907 1233 972 167.
1258 907 1318 970 172

221 1017 302 1100 eto),
324 1017 418 1084 semel
437 1015 642 1101 Πανέλληνας
663 1015 705 1101 (v.
728 1017 815 1095 721),
846 1020 894 1081 ter
915 1016 1113 1100 loquentibus
1138 1015 1320 1082 mulieribus

222 1127 364 1209 Troianis
385 1119 533 1202 Δαναοὺς
554 1126 603 1190 vel
624 1121 786 1202 Δαναΐ7λας
807 1122 849 1207 (v.
868 1125 1118 1204 1862367471
1142 1125 1203 1190 Ubi
1214 1108 1320 1190 autem

188 1292 193 1304 .
214 1228 364 1319 Ἕλληνες
385 1233 675 1311 commemorantur,
699 1234 764 1298 'aut
785 1234 859 1298 sunt
880 1233 1073 1299 Phthiotidis
1094 1232 1214 1299 incolae
1236 1234 1321 1314 (293.

222 1345 293 1410 267.
315 1343 391 1426 293)
414 1344 470 1407 661
492 1340 765 1408 Graeoibarbaris
787 1342 919 1424 opposil‘
944 1340 1026 1422 (764.
1051 1342 1126 1422 771;
1158 1341 1322 1424 posteriori

220 1455 325 1519 tamen
339 1454 410 1518 1666
421 1454 504 1518 reete
516 1471 534 1518 6
547 1451 708 1516 Dindorfio
728 1451 833 1516 obelus
849 1451 999 1534 praefixus
1017 1452 1088 1532 est).
1111 1451 1185 1516 Tres
1202 1451 1321 1516 restant

221 1580 327 1627 versus
348 1560 527 1644 posterioris
548 1560 646 1642 partis
670 1556 805 1642 fabulae,
828 1558 860 1623 in
883 1552 1159 1644 661166Ἕλληνες
1181 1577 1245 1624 6666
1267 1559 1321 1624 66-

221 1669 900 1736 16616666617661661611661616666166
924 1669 994 1734 868.
1017 1669 1087 1734 999.
1113 1669 1210 1745 1019;
1244 1688 1321 1752 quo-

222 1799 293 1846 rum
316 1777 420 1846 tamen
445 1780 581 1861 primum

402 1894 501 1981 αὐτός
524 1925 560 1968 τε
582 1903 636 1968 καί
657 1903 695 1992 γῆ
717 1899 790 1983 dodi
813 1900 949 1969 medodo'
969 1897 1140 1990 Ἑλληνικῷ

223 2041 362 2122 spurium
384 2059 448 2105 esse
470 2039 545 2104 adeo
568 2039 705 2122 apparet,
736 2039 773 2102 ut
803 2039 1019 2123 quipluribus
1049 2040 1165 2122 probet,
1198 2057 1321 2122 operam

91 2202 96 2214 .
223 2149 301 2213 mihi
328 2148 452 2231 perdere
478 2147 630 2213 rideatur.
674 2147 766 2212 Alter.
796 2147 827 2212 61
858 2147 970 2212 tertius
1000 2145 1085 2212 loeus
1118 2148 1322 2230 suspicionem

224 2277 285 2322 nou
306 2258 445 2332 morent3
479 2255 679 2321 statuendum
704 2255 803 2339 igitur
830 2257 878 2321 661
900 2255 1078 2339 Euripidem
1101 2257 1133 2320 in
1155 2259 1323 2339 posteriore

224 2367 312 2449 parte
333 2365 457 2430 fabulae
478 2365 537 2430 sibi
559 2363 718 2430 nonsatis
741 2363 926 2430 constitisse.
959 2402 998 2412 -
1031 2365 1144 2430 Versus
1168 2366 1221 2448 qui
1243 2367 1322 2432 inse·

224 2476 337 2541 cuntur
359 2465 482 2538 23ss-27

422 2609 483 2700 ε’γώ
503 2613 548 2694 δέ,
571 2617 706 2697 νικῶμαι
725 2609 784 2699 γὰρ
806 2607 954 2701 Ἀργείας
975 2619 1059 2695 θεᾶς

414 2719 525 2805 Ἥρας
543 2715 690 2802 Ἀθάνας
710 2729 756 2803 θ’,
778 2721 817 2789 αἳ
833 2726 1018 2807 συνεξεῖλον
1042 2728 1181 2813 Φρύγας,
1243 2742 1247 2755 ’

336 2838 375 2902 25
418 2833 523 2899 λείπω
542 2830 580 2900 τὸ
603 2831 729 2900 κλεινὸν
742 2824 842 2900 Ἴλιον
861 2831 996 2918 βωμούς
1017 2827 1045 2901 τ’
1067 2832 1184 2921 ἐμούς·

422 2942 537 3030 ἐρημία
558 2938 617 3028 γὰρ
639 2937 737 3008 πόλιν
761 2937 839 3008 ὅταν
858 2939 940 3032 λάβῃ
961 2941 1055 3031 κακή,

423 3055 514 3118 νοσεῖ
534 3047 574 3115 τὰ
597 3054 663 3116 τῶν
684 3055 776 3117 θεῶν
798 3044 874 3118 οὐδὲ
894 3057 1055 3136 τιμᾶσθαι
1077 3055 1171 3120 θέλει
1235 3139 1240 3144 ἢ

134 3188 136 3192 ’
225 3215 259 3262 66
282 3216 342 3280 666
365 3197 497 3280 legimus
517 3197 586 3263 1666
607 3197 831 3265 sententiarum
854 3217 963 3264 nexum
989 3200 1070 3267 male
1097 3201 1321 3284 interrumpere

225 3307 377 3389 perspexit
390 3306 574 3389 Wagnerus.
609 3306 707 3371 Valde
728 3307 834 3371 autem
855 3326 924 3372 eum
947 3308 1144 3390 reprehendo,
1165 3310 1246 3392 quod
1270 3329 1320 3376 666

225 3417 295 3497 6661
320 3435 346 3480 6.
369 3417 410 3480 44
432 3414 605 3495 6611666611,
639 3416 962 3482 645-476616611.
1007 3417 1097 3497 Quid,
1130 3437 1252 3500 quaeso,
1286 3420 1319 3484 in

225 3524 273 3588 his
295 3525 433 3590 versibus
455 3525 526 3589 vitii
548 3526 614 3589 est?
657 3524 872 3608 Haud'pauoa
895 3526 999 3590 autem
1022 3525 1224 3609 vituperanda
1247 3527 1320 3592 sunt

223 3634 308 3698 166.
331 3633 464 3698 23-27.
507 3634 662 3712 1666116,
691 3634 745 3716 qui
766 3633 802 3698 o.
825 3633 869 3699 St.
892 3633 924 3698 II
946 3653 975 3716 p.
999 3634 1058 3698 135
1082 3653 1109 3698 v.
1133 3634 1319 3714 rebelavit,

227 3742 303 3807 1666
330 3741 452 3806 monuit
480 3741 581 3823 ipsum
610 3721 722 3805 nomon
743 3741 880 3821 Iunonis,
915 3745 1078 3826 postquam
1100 3731 1232 3826 Ἀργεία
1253 3739 1321 3810 θεά

226 3843 336 3934 (θεός)
358 3849 442 3914 61616
464 3849 551 3926 66661,
575 3867 798 3932 supervacuum
820 3867 893 3915 esse.
937 3851 1002 3934 Ego
1025 3851 1093 3917 dieo
1115 3853 1265 3919 Iunonem
1287 3853 1320 3918 in

226 3960 285 4024 hao
305 3959 413 4026 fabula
435 3959 560 4025 omnino
581 3958 683 4024 looum
706 3976 767 4023 non
787 3958 912 4024 habere:
936 3957 1077 4025 Minerva
1099 3961 1234 4027 consiliis
1257 3962 1321 4027 suis

206 4069 338 4148 effecit,
370 4068 406 4132 ut
429 4069 523 4135 Troia
545 4068 718 4135 dirueretur
749 4067 801 4149 (of.
824 4087 853 4133 v.
878 4069 927 4137 10.
949 4069 1004 4133 47.Ι
1022 4069 1098 4153 561)
1130 4091 1225 4154 66666
1254 4070 1321 4154 1666

227 4179 310 4244 648
330 4177 363 4243 16
385 4195 528 4244 scaenam
550 4175 663 4260 prodit,
686 4179 722 4242 61
743 4176 872 4242 61166116
894 4179 1047 4262 prioribus
1062 4179 1237 4245 inimicitiis
1252 4197 1322 4244 oum

229 4289 381 4371 Neptuno,
412 4288 616 4355 Troianorum
638 4288 768 4368 fautore,
802 4287 907 4354 foedus
929 4287 968 4354 ad
997 4289 1164 4372 perdendos
1188 4287 1321 4354 Graecos
