3080 4960
773 418 809 472 60

243 569 387 653 versuum
412 589 488 672 pari,
521 590 578 655 etsi
607 589 846 655 difficultatibus
874 588 1002 655 minime
1023 591 1116 668 caret,
1149 588 1336 655 altissimum

242 697 289 762 est
320 697 401 779 apud
431 698 613 782 interpretes
644 697 811 764 silentium.
854 697 906 764 Sic
937 699 1032 763 vertit
1059 699 1180 762 Fixius:
1216 696 1337 781 „Phry-

242 824 317 886 gum
347 804 451 871 autem
479 807 512 872 in
542 809 695 890 potestate
728 806 814 891 (sict)
847 809 1004 891 proposita
1037 807 1083 872 lui
1113 844 1152 852 -
1186 826 1246 872 non
1278 824 1335 890 ego

242 914 380 998 quidem,
424 916 476 981 sed
493 935 620 988 ,nornen
657 935 760 982 meum
799 953 833 964 -
869 916 993 982 Graecis
1030 915 1102 982 belli
1135 915 1337 1000 praemium.“

243 1023 287 1088 At
318 1024 410 1090 verba
444 1022 477 1102 ἐς
508 1016 606 1114 ἀλκήν
637 1045 698 1092 non
732 1027 860 1108 possunt
889 1026 1073 1108 significare·
1094 1024 1154 1090 nisi
1187 1023 1246 1104 „ad
1279 1041 1336 1107 pu-

241 1137 422 1220 gnandum“
448 1138 497 1203 vel
531 1138 591 1218 „ad
623 1143 791 1224 pugnam“.
845 1139 891 1205 cf.
921 1158 950 1206 v.
983 1139 1059 1205 980:
1095 1131 1133 1223 ἢν
1159 1135 1186 1202 δ’
1216 1135 1248 1214 ἐς
1277 1134 1369 1219 μὲν,

241 1236 340 1332 ἀλκήν
360 1242 405 1331 μὴ
427 1241 502 1311 πόδ’
526 1237 647 1337 ἀντιθῇ
669 1247 758 1314 ποδί.
803 1248 898 1313 1379:
931 1235 1101 1330 προῦργου
1124 1245 1152 1311 δ’
1178 1244 1211 1324 ἐς
1238 1235 1337 1333 ἀλκὴν

241 1356 324 1436 σῶμ’
345 1347 461 1432 ὅπλοις
483 1350 655 1442 ἠσκήσατο.
698 1356 803 1440 Suppl.
827 1357 904 1422 679:
927 1353 964 1421 οἳ
979 1357 1005 1420 δ’
1024 1352 1185 1442 ἔστρεφον
1204 1348 1337 1434 πώλους

173 1549 175 1554 Ι
242 1461 275 1540 ἐς
296 1453 397 1547 diario
419 1455 520 1542 αὖθις
543 1458 589 1542 ὥς
605 1455 686 1548 (cum
698 1466 760 1548 W.)
774 1460 986 1546 παραιβάτας.
1009 1463 1103 1531 Vides
1118 1484 1213 1548 quam
1228 1464 1337 1530 misere

242 1573 384 1638 contorta
413 1573 455 1638 sit
481 1573 557 1654 hacc
584 1574 746 1653 sententia,
781 1592 859 1658 quae
890 1573 969 1639 nihil
996 1573 1067 1638 novi
1090 1572 1177 1638 addit
1199 1573 1337 1640 versibus

241 1682 507 1764 praecedentibus;
543 1683 648 1766 itaque
679 1683 844 1749 deleamus.
896 1683 1004 1765 Neque
1036 1682 1260 1766 neglegendum
1291 1683 1337 1747 est

242 1809 270 1856 v,
293 1793 343 1855 42.
366 1792 407 1856 43
429 1792 543 1857 mirum
567 1793 720 1875 quantum
742 1792 913 1858 consentire
943 1810 1012 1856 cum
1042 1791 1175 1874 insipido
1201 1812 1230 1857 v.
1255 1791 1336 1856 1100
1420 1775 1425 1792 '

243 1919 261 1965 a
284 1899 323 1964 N.
347 1899 461 1976 deleto;
493 1920 589 1985 quare
619 1919 679 1965 non
708 1901 822 1967 temere
839 1901 985 1966 conicias
1012 1900 1051 1966 ab
1082 1900 1187 1982 eodem
1214 1900 1337 1965 homine

244 2009 412 2093 utrumque
433 2010 535 2076 locum
555 2029 619 2076 esse
636 2009 808 2093 profectum
819 2007 851 2093 ¹).
868 2044 908 2056 -
931 2009 1070 2093 Denique
1091 2009 1243 2076 obiciendi
1264 2008 1337 2074 sunt

242 2137 271 2185 u.
295 2119 344 2184 66.
357 2111 407 2184 ⁸67

391 2235 437 2320 ὦς
458 2235 488 2306 εἷ
510 2240 586 2307 καθ’
610 2236 733 2308 Ἑλλάδ’
756 2231 859 2324 ὄνομα
880 2240 1030 2320 δυσκλεὲς
1051 2241 1153 2328 φέρω,

390 2345 434 2438 μή
456 2374 513 2433 μοι
534 2346 573 2415 τὸ
598 2345 694 2434 σῶμά
716 2348 742 2434 γ’
767 2344 877 2416 ἐνθάδ’
898 2347 1048 2436 αἰσχύνην
1071 2339 1167 2438 dplp,

244 2434 355 2565 quibus
376 2479 512 2546 Helenae
535 2479 709 2558 consilium,
741 2480 823 2564 quod
851 2480 927 2546 satis
949 2497 1122 2562 expressum
1145 2477 1212 2542 erat
1233 2496 1262 2542 v.
1285 2478 1336 2556 65,

241 2589 350 2655 scholii
383 2589 473 2655 modo
508 2589 688 2672 explicatur.
736 2589 853 2655 lterum
886 2588 1054 2655 oblectavit
1084 2587 1337 2670 interpolatorem

241 2690 403 2780 ὀνόματος
421 2697 453 2763 et
473 2690 626 2778 σώματος
646 2698 800 2764 rhetorica
822 2697 983 2780 oppositio.

397 2908 445 2972 13.
488 2907 540 2972 De
561 2906 790 2990 Iphigeniae
812 2906 994 3022 ¹Tauricae
1016 2905 1181 2990 prologo.

200 3066 209 3078 “
339 3064 441 3128 Huius
463 3063 586 3130 fabulae
607 3064 762 3146 prologus,
794 3065 881 3129 cuius
911 3064 1010 3129 altera
1035 3082 1106 3146 pars
1128 3081 1335 3146 magnacum

241 3174 309 3240 arte
330 3173 504 3256 conscripta
525 3176 580 3254 est,
613 3175 690 3241 satis
720 3175 796 3242 bene
825 3174 857 3239 in
884 3174 1041 3240 codicibus
1070 3174 1224 3238 servatur:
1257 3189 1336 3237 unns

242 3283 322 3348 enirn
344 3283 439 3362 locus,
473 3303 501 3348 v.
526 3285 574 3364 15,
608 3286 751 3352 omnibus
774 3285 950 3350 criticorum
974 3282 1186 3348 conaminibus
1209 3280 1335 3356 restiti,

229 3403 356 3475 'paucae
377 3394 499 3458 exstant
519 3393 781 3477 interpolationes.
803 3429 844 3438 -
866 3391 1026 3475 Iphigenia
1051 3390 1149 3471 igitur
1171 3390 1334 3473 postquam

241 3522 270 3567 v.
295 3503 374 3566 1-5
397 3520 482 3568 more
504 3501 669 3585 Euripidae
692 3521 790 3586 genus
817 3518 907 3566 sunm
936 3500 1083 3583 exposuit,
1116 3499 1217 3581 prima
1247 3516 1336 3563 enar-

240 3610 369 3677 rationis
391 3611 479 3691 parte
502 3610 541 3691 (v.
557 3611 674 3688 6441)
690 3609 843 3692 quomodo
865 3627 919 3692 per
935 3608 1100 3672 Dianame
1120 3607 1230 3672 mortis
1255 3606 1336 3689 peri·

242 3720 310 3784 culo
332 3719 464 3785 liberata
486 3720 570 3784 etin
595 3720 767 3785 Taurorum
791 3721 905 3784 terram
933 3718 1066 3783 abducta
1089 3716 1139 3796 sit,
1173 3716 1271 3782 altera
1291 3715 1333 3798 (v.

241 3829 389 3909 zoa-oo),
425 3827 499 3911 quid
524 3829 663 3911 proxima
687 3829 776 3894 nocte
804 3827 841 3892 de
867 3826 974 3892 Oreste
1003 3826 1100 3891 fratre
1126 3823 1334 3903 somniaverit,

224 3937 375 4002 enarrat.
419 3937 591 4020 Postquam
613 3937 751 4015 fratrem,
775 3956 866 4019 quem
886 3935 1045 4001 mortuum
1063 3936 1164 4018 putat,
1186 3932 1335 4000 libatione

342 4203 369 4275 l)
386 4204 420 4260 V.
439 4207 474 4260 44
492 4207 532 4264 sic
549 4207 710 4263 scribendus
727 4212 780 4262 eet:

456 4300 547 4371 λαβὼν
566 4304 591 4357 δ’
616 4305 630 4358 ἕ
638 4304 670 4376 μ’
687 4301 785 4376 Ἑρμῆς
802 4304 833 4360 ἐν
851 4309 997 4376 πτυχαῖσιν
1014 4308 1132 4378 cleopas.
