3080 4960
742 384 792 436 roa
874 361 880 370 ’

221 576 332 622 unum
368 559 442 640 est,
478 575 585 622 unam
621 555 895 638 complectitur
914 554 1140 636 historiam,
1176 555 1206 620 si
1240 554 1313 620 duo
1363 643 1365 651 Α

221 653 356 746 capita
378 660 503 742 habet,
527 664 616 729 duas
638 663 820 728 historias
841 664 1014 746 praebet.
1153 715 1155 720 ,

318 772 476 838 Posterius
510 771 689 856 contingere
721 771 855 836 vidimus
886 772 918 836 in
951 771 1110 853 Hecubae,
1142 770 1314 854 Hippolyti,

220 880 373 960 Herculis,
406 861 511 963 aliquo
539 880 630 945 modo
661 880 693 943 in
715 871 953 944 Phoenissarum
984 879 1129 962 prologis.
1172 878 1315 945 Herculis

220 990 365 1082 prologus
399 1009 433 1056 eo
465 989 597 1071 insignis
632 989 687 1068 est,
724 988 806 1072 quod
838 987 929 1054 alteri
961 988 998 1054 de
1030 989 1110 1071 Lyco
1143 987 1316 1062 narrationi

221 1117 337 1166 nouum
360 1098 516 1164 exordium
538 1097 739 1180 praemissum
763 1097 823 1173 est;
859 1096 1023 1180 Hippolyti
1046 1097 1203 1179 prologus,
1232 1095 1315 1180 quod

222 1208 371 1292 quattuor
394 1206 531 1272 versibus
558 1205 641 1270 inter
671 1205 748 1271 duas
778 1206 971 1272 narrationes
1000 1205 1191 1288 interpositis
1222 1201 1341 1272 nexus*

219 1334 326 1381 earum
346 1315 502 1380 indicatur
524 1315 573 1393 (cf.
596 1335 624 1397 p.
647 1316 688 1378 36
710 1315 740 1378 et
762 1334 790 1397 p.
815 1315 876 1394 12).

236 1485 246 1514 Ι
320 1423 441 1489 Media
462 1423 621 1506 prologi
646 1442 740 1505 pars
769 1406 895 1488 rerum
918 1422 1172 1488 narrationem
1201 1442 1316 1508 usquo

221 1532 269 1598 ad
290 1531 387 1596 illud
410 1532 589 1616 temporis
612 1532 837 1598 momentum
859 1528 1048 1614 producit,
1072 1550 1141 1615 quo
1162 1532 1316 1599 fabulae

221 1640 343 1724 ipsius
368 1641 476 1708 actio
499 1641 661 1724 incipit3
682 1659 881 1724 nunquam
902 1659 1061 1725 eaquae
1083 1641 1316 1724 spectatores

223 1750 352 1833 postea
373 1750 453 1817 suis
476 1750 600 1816 oculis
621 1751 815 1826 videbunt,
839 1751 990 1816 enarrat
1011 1750 1317 1833 iisqueuolupta·

222 1859 296 1924 tem
318 1858 544 1940 spectandae
565 1858 717 1924 fabulae
738 1857 947 1940 praeripit.

324 1967 411 2032 Haec
432 1985 555 2050 quoque
575 1967 620 2031 est
643 1966 724 2032 inter
739 1966 940 2049 gravissimas
955 1968 1047 2052 leges,
1070 1986 1146 2051 quas
1162 1985 1317 2033 commen·

223 2076 341 2141 tatione
364 2095 432 2141 rnea
453 2075 598 2158 probatas
617 2094 680 2140 esse
694 2075 806 2140 iudico.
840 2076 985 2159 Pugnare
1000 2076 1184 2142 uidebantur
1196 2077 1318 2159 Hippo÷

226 2184 294 2268 lydi,
329 2183 422 2266 lonis,
454 2185 610 2249 Troadum
644 2183 779 2266 prologi;
814 2185 979 2268 postquam
1012 2186 1115 2250 autern
1138 2185 1318 2252 Wheelerus

226 2293 320 2376 Hipp.
342 2293 382 2358 41
405 2311 449 2376 sq.
473 2292 597 2371 deleuit,
622 2309 678 2372 ego
699 2293 764 2358 Ion.
788 2293 827 2358 67
849 2311 894 2377 sq.
916 2296 947 2360 et
969 2295 1020 2360 Tr.
1043 2295 1083 2360 36
1105 2314 1160 2378 sq,
1182 2295 1219 2360 ut
1239 2294 1317 2359 mihi

225 2400 349 2484 quidem
370 2401 485 2480 uideor,
519 2399 635 2466 idoneis
657 2400 758 2466 causis
782 2403 885 2467 motus
908 2403 1029 2468 obelum
1059 2403 1185 2486 praefixi
1211 2401 1266 2486 (cf.
1287 2423 1316 2486 p.

188 2510 469 2593 dfflssmw

323 2607 537 2684 Unus'autem
560 2621 606 2686 est
628 2620 774 2703 prologus
796 2622 990 2706 Euripidem,
1027 2624 1081 2707 qui
1101 2622 1208 2688 futura
1229 2641 1318 2705 prae·

224 2726 311 2808 dicit,
346 2746 423 2810 quae
454 2729 487 2793 in
518 2728 624 2796 fabula
655 2729 723 2812 ipsa
752 2731 901 2798 videbunt
932 2731 1127 2816 spectatores,
1162 2732 1317 2796 Hecubae.

226 2835 306 2902 Vide
326 2857 355 2902 v.
376 2838 518 2902 42-462
1146 2850 1148 2854 ·

371 2994 425 3059 καὶ
444 2990 590 3078 τεύξεται
608 2991 701 3062 τοῦδ’
723 2989 790 3064 οὐδ’
813 2991 980 3085 dedoceas
1002 2999 1107 3086 φίλων

374 3099 466 3169 ἔσται
488 3100 574 3188 πρὸς
593 3097 736 3190 ἀνδρῶν·
758 3102 778 3194 ἡ
798 3107 999 3194 πεπρωμένη
1022 3106 1049 3173 δ’
1071 3097 1140 3190 dyc

373 3215 489 3278 θανεῖν
508 3207 652 3304 ἀδελφήν
671 3215 748 3302 τῷδ’
772 3211 853 3302 ἒμὴν
875 3214 909 3282 ἓν
929 3205 1037 3301 ἤματι.

373 3320 466 3387 δυοῖν
486 3319 521 3388 δὲ
539 3323 672 3389 παίδοιν
693 3318 752 3390 δύο
774 3323 877 3409 νεκροὶ
898 3320 1078 3406 κατόψεται

346 3419 350 3430 ’
373 3424 489 3516 μήτηρ,
513 3429 597 3514 ἐμοῦ
617 3456 652 3498 τε
673 3435 732 3522 τῆς
752 3456 788 3498 τε
811 3427 968 3523 δυστήνου
990 3429 1096 3519 κόρης.

224 3598 295 3663 Iure
316 3598 501 3682 quaerimus,
534 3619 589 3665 cur
610 3601 772 3684 Euripides
800 3602 833 3666 in
855 3603 912 3668 hoc
941 3602 1069 3685 prologo
1099 3603 1199 3686 legem
1230 3621 1318 3670 suam

226 3706 403 3790 neglexerit.
427 3707 527 3776 Causa
543 3711 590 3775 est
602 3711 712 3793 duplex
723 3710 807 3777 illius
819 3711 944 3783 tabulae
958 3712 1051 3791 actio,
1073 3731 1166 3795 quam
1184 3732 1212 3798 p.
1222 3714 1262 3778 29
1272 3732 1318 3796 sq.

226 3817 542 3883 commemoravimus.
586 3819 655 3884 Etsi
678 3819 760 3885 enim
782 3821 950 3886 cess-'41
973 3821 1012 3886 ad
1034 3804 1207 3907 Polyxenus
1228 3822 1319 3889 fabu-

225 3923 298 4003 lam,
333 3925 369 3989 ut
389 3925 436 3991 ita
457 3927 569 4008 dicam,
601 3929 825 3996 instituendam
847 3929 1016 4011 sufficiunt,
1049 3931 1155 3997 tamen
1181 3950 1319 3998 necessa·
1359 4003 1361 4010 ,

224 4033 307 4098 rium
328 4034 382 4112 est,
406 4035 442 4100 ut
464 4036 564 4102 sciant
586 4038 781 4120 spectatores,
805 4057 860 4105 cur
874 4039 1046 4124 Polydorus
1068 4042 1161 4108 antea
1182 4039 1219 4108 de
1240 4043 1319 4108 suis

225 4140 299 4206 fatis
326 4141 393 4207 tam
423 4144 524 4210 rnulta
553 4145 740 4213 disseruerit.
784 4145 862 4213 Cum
892 4150 997 4214 autem
1028 4150 1109 4216 inter
1140 4149 1217 4218 duas
1247 4151 1319 4218 illas

226 4250 417 4316 narrationes
439 4272 618 4335 praesens
642 4255 800 4322 uinculum
819 4276 882 4322 non
904 4257 1083 4340 intercedat,
1114 4260 1166 4327 sed
1187 4279 1223 4326 ea
1244 4261 1317 4327 tan·
