3080 4960
770 411 930 476 λλ-

240 581 291 674 είη
314 581 394 674 τάδ’,
427 575 455 654 τί
482 592 553 668 παῖ,
586 581 649 657 orio
674 589 747 678 δίκῃ
779 591 809 655 δ’
836 585 951 673 ἥκουσι
976 589 1051 680 γῆν·
1074 582 1094 657 ὃ
1120 589 1174 658 καί
1203 592 1334 658 δέδοικα

238 695 282 785 μὴ
304 697 453 764 σκοπῶν
475 690 589 781 ὀρθῶς
610 698 697 767 θεοί.
721 700 851 784 ,Neque
873 701 972 776 mulio
1001 697 1092 767 aliter
1117 703 1191 784 puio
1218 721 1250 767 ee
1276 702 1334 768 ha·

238 808 309 874 bere
330 808 444 874 Phoen.
467 810 528 874 261
552 827 612 892 sq.:
635 802 676 873 τά
697 809 757 891 μὲν
777 808 941 891 πυλωρῶν
959 803 1089 896 κλῇθρά
1102 810 1135 892 μ’
1149 806 1332 892 εἰσεδέξατο

238 917 280 982 δι’
303 909 477 994 εὐπετείας
501 917 634 998 τειχέων
659 911 739 983 εἴσω
767 917 899 1001 μολεῖν·
923 910 943 982 ὃ
966 919 1020 982 καί
1041 917 1186 1004 δέδοικα,
1218 914 1263 1003 μή
1292 941 1333 1000 με

239 1021 381 1091 δικτύων
404 1022 470 1092 ίίσω
494 1021 649 1110 λαβόντες
673 1019 731 1093 orio
759 1026 900 1114 ἐκφρῶδ
924 1019 1123 1110 άναίμακτον
1148 1022 1243 1112 χρόα,
1279 1028 1333 1094 ubi

239 1137 341 1202 verto:
365 1137 441 1216 „hoo
464 1137 568 1202 autem
590 1137 692 1219 ipsum
713 1137 768 1218 est,
792 1138 874 1221 quod
898 1139 974 1203 mihi
996 1139 1114 1203 medum
1135 1137 1238 1203 feeit.“
1285 1135 1332 1202 of.

239 1245 294 1310 Ar.
316 1245 398 1313 deul.
417 1247 492 1311 338.
529 1246 599 1311 Non
620 1246 734 1329 pendet
756 1240 777 1310 ὅ
797 1267 817 1313 ε
838 1247 930 1313 verbo
952 1247 1119 1312 transitivo
1141 1229 1211 1323 uno,
1234 1264 1333 1329 quen-

238 1351 307 1415 ium
319 1351 391 1431 seio,
414 1351 579 1418 Homerico
601 1352 738 1436 exemplo
758 1357 787 1417 d
805 1354 881 1418 332:
902 1349 942 1420 τὸ
953 1352 1007 1418 καί
1020 1347 1178 1439 μοιχάγρι’
1189 1345 1332 1441 ὀφέλλει.

238 1460 279 1524 ut
300 1460 345 1524 sie
368 1463 558 1543 usurparunt
579 1462 687 1544 poetae
712 1463 826 1529 aetatis
852 1463 1092 1530 Alexandrinae:
1116 1462 1194 1530 call.
1216 1481 1262 1546 ep.
1284 1462 1332 1528 XI

238 1569 521 1652 (Mein.)=Anih.
544 1569 612 1635 Pel.
632 1568 692 1633 VH
713 1570 786 1648 447,
829 1570 932 1652 Apoll.
955 1569 1032 1652 Arg.
1055 1570 1071 1634 I
1094 1571 1165 1637 205.
1208 1567 1333 1634 Miraris
1399 1591 1400 1596 ¹

124 1753 131 1772 ρ
237 1676 377 1757 fortasse,
400 1696 455 1743 cur
474 1677 696 1744 cumulaverim
719 1678 871 1762 exempla:
894 1679 1035 1753 hene.ob
1058 1697 1184 1746 eausam
1205 1677 1274 1756 feei,
1297 1677 1334 1741 ut

238 1787 429 1852 ostenderem
451 1805 489 1853 ne
512 1788 594 1854 reode
620 1787 745 1872 quidem
772 1785 875 1854 looum
905 1790 1044 1854 nosirum
1072 1789 1220 1871 seriptum
1241 1805 1333 1866 .eeee;

238 1897 334 1979 excipi
366 1897 447 1962 enim
479 1896 611 1964 debebat
637 1887 656 1961 ὃ
682 1895 736 1960 καί
765 1917 784 1963 ε
816 1898 1001 1981 gravissimo
1035 1899 1132 1964 totius
1162 1897 1334 1962 senieniioe

238 2005 397 2071 uocabulo.
440 2004 567 2071 Summo
596 2006 695 2088 igitur
722 2005 790 2071 iure
816 2005 893 2070 mihi
919 2005 1025 2071 uideor
1051 2007 1106 2071 hoe
1131 2006 1331 2084 moeremus,

238 2131 369 2196 quorum
392 2111 511 2196 primus
525 2131 542 2178 e
556 2131 585 2177 r.
604 2112 684 2176 1132
703 2113 927 2196 manuscriptus
942 2114 997 2190 eet,
1019 2114 1055 2178 ut
1074 2115 1194 2196 spurios
1209 2116 1331 2197 τελευτά

238 2221 358 2286 utinam
381 2221 476 2286 etiem
497 2220 535 2286 de
556 2239 590 2286 eo
606 2239 697 2304 quem
713 2239 796 2285 nuno
819 2222 961 2288 ireoiobo
983 2221 1051 2288 loeo
1072 2223 1138 2288 tam
1161 2223 1246 2288 ceria
1260 2237 1332 2304 pro·

238 2329 383 2394 nuntiare
404 2332 541 2412 possem!

300 2441 340 2502 21
384 2436 459 2502 ἐπεὶ
479 2435 515 2503 δὲ
541 2437 643 2521 Τροία
662 2429 701 2504 θ’
713 2432 870 2521 Ἕκτορός
889 2440 919 2503 τ’
941 2429 1120 2505 άπόλλυται

382 2543 471 2636 ψυχὴ
492 2543 631 2634 πατρῴα
651 2550 688 2614 δ’
711 2543 801 2615 ἑστία
821 2543 1019 2636 κατεσκάφη,

381 2647 480 2736 advoc
501 2657 537 2722 δὲ
556 2659 660 2744 βωμῷ
683 2654 769 2741 πρὸς
792 2655 970 2746 θεοδμάτῳ
992 2659 1100 2725 πίτνει

381 2766 517 2854 σφαγείς
537 2757 710 2848 Ἀχιλλέως
731 2763 851 2845 παιδὸς
870 2766 904 2833 ἐκ
925 2768 1111 2856 μιαιφόνου,

299 2877 338 2939 25
380 2873 496 2941 κτείνει
518 2899 559 2958 με
580 2879 701 2958 χρυσοῦ
722 2872 780 2940 τδν
801 2877 1011 2960 ταλαίπωρον
1030 2873 1122 2960 χάριν

383 2984 473 3065 ξένος
494 2985 648 3071 πατρῷος
668 2985 722 3050 καί
742 2980 866 3050 κτανών
889 2985 922 3065 ἐς
944 2978 1029 3070 οἶδμ’
1052 2979 1132 3064 άλὸς

382 3095 511 3179 μεθῆχ,
531 3091 572 3157 ἵν’
594 3084 691 3170 αάτδς
712 3090 831 3177 χρυσδν
852 3093 885 3158 ἐν
906 3089 1021 3178 δόμοις
1043 3090 1109 3181 ἔχῃ.

236 3201 348 3267 Nonne
368 3221 489 3268 meeum
511 3221 612 3269 eeneee
640 3204 724 3268 inira
750 3205 813 3269 tres
839 3207 1008 3287 postremos
1036 3223 1140 3270 versus
1170 3205 1217 3270 bis
1247 3204 1328 3271 idem

237 3311 325 3376 nobis
358 3311 470 3378 dixisse
502 3312 671 3395 eapientem
699 3312 900 3396 Euripidem?
943 3313 1024 3395 Quid
1057 3314 1138 3378 enim
1170 3313 1255 3380 eliud
1284 3313 1330 3378 eei

236 3421 360 3501 χρυσοῦ
382 3414 474 3503 χάριν
500 3423 594 3505 adque
615 3421 655 3486 ἵν’
682 3415 780 3500 αὐτὸς
805 3416 925 3505 χρυσδν
946 3421 980 3486 ἐν
999 3417 1115 3504 δόμοις
1135 3417 1216 3510 ἔχηῖ
1261 3422 1330 3487 Ηοσ

237 3547 310 3596 sane
332 3531 532 3596 concedemus
554 3531 709 3598 Ludovioo
732 3551 751 3597 ε
772 3531 864 3616 Sybel
897 3532 958 3613 (De
984 3532 1079 3616 repet.
1102 3533 1185 3598 verb.
1212 3532 1245 3598 in
1266 3531 1328 3597 feb.

236 3639 309 3704 Eur.
331 3657 360 3722 p.
375 3636 427 3722 18)
448 3657 509 3705 non
531 3639 694 3705 molendam
716 3657 780 3706 esse
800 3641 1013 3722 repetitionem
1038 3641 1179 3707 vocabuli
1201 3634 1328 3724 χρυσός,

237 3749 319 3833 quod
340 3749 543 3834 gravissimus
564 3768 592 3815 v.
613 3750 652 3814 27
676 3750 819 3814 doeendus
845 3750 876 3813 in
898 3766 973 3816 roeo
998 3739 1096 3826 αδτός
1125 3751 1244 3834 positus
1273 3751 1328 3828 sit3

235 3858 340 3926 temen
370 3858 411 3926 ed
443 3858 591 3925 iteradum
619 3859 845 3946 senientiam
876 3858 1098 3925 defendendam
1126 3859 1202 3927 haee
1235 3877 1328 3926 oense

236 3986 297 4032 non
319 3968 430 4054 valet.¹
454 3968 565 4034 Nonne
588 3970 745 4051 praeieree
770 3967 1008 4050 vituperandum
1037 3968 1092 4048 eei,
1124 3970 1206 4053 quod
1237 3969 1327 4051 poete

236 4076 329 4144 verba
349 4073 389 4140 ἵν’
411 4066 509 4154 αὐτὸς
529 4072 648 4161 χρυσὸν
670 4074 703 4142 ἐν
717 4069 833 4158 δόμοις
850 4071 907 4164 ἔχῃ
922 4078 961 4142 εδ
976 4079 1172 4146 enuntiatum
1192 4076 1224 4156 ἐς
1239 4069 1325 4160 οἶδμ’

235 4181 317 4264 diris
335 4185 455 4275 μεθῆκ’
477 4187 671 4271 applicavit?
692 4187 800 4278 Neque
813 4186 1036 4270 neglegendum
1053 4188 1099 4252 esi
1114 4188 1219 4254 eodem
1234 4187 1327 4252 verbe

235 4296 336 4363 forma
361 4296 487 4362 meliore
513 4296 630 4380 scripte
650 4297 713 4380 legi
736 4315 765 4362 u.
789 4297 879 4361 1245.
923 4295 983 4362 Sed
1012 4297 1086 4379 quid
1118 4297 1236 4362 foetum
1264 4313 1328 4362 erse
