3080 4960
742 437 775 493 17

204 611 545 696 dmuww

305 716 429 800 ἔστειχε
449 721 562 804 μεῖζον
581 723 639 809 τῆς
660 720 751 806 δι’κης
772 724 906 806 φρονῶν
927 715 1045 786 πόλιν

302 828 434 912 πέρσων
453 821 629 908 Ἀθάνας.

203 937 270 1002 Alii
297 940 372 1004 sunt
395 939 466 1016 loni,
494 939 560 1022 qni,
592 939 651 1005 etsi
677 959 739 1006 non
765 959 902 1022 expresse
921 940 1030 1005 dieunt
1061 959 1203 1006 scaenam
1225 941 1297 1006 dra·

203 1047 298 1112 matis
309 1047 440 1113 Athenis
455 1048 660 1113 constitutam
675 1067 740 1113 esse
754 1051 858 1114 tamen
873 1049 951 1114 satis
972 1047 1160 1132 significant.
1193 1047 1297 1114 Perle-

202 1173 259 1239 gas
273 1154 366 1221 velim
381 1171 504 1220 earmen
526 1154 768 1237 pnleherrimnm
791 1155 863 1220 inde
885 1175 905 1221 a
927 1174 956 1220 n.
970 1155 1144 1237 uss-783,
1166 1157 1299 1220 maxime

203 1281 232 1328 v.
257 1263 318 1330 763
339 1283 403 1348 σφε

301 1368 401 1440 κακὸν
420 1373 460 1452 δ’,
485 1360 513 1438 ιδ
535 1370 659 1453 πόλις,
684 1371 715 1441 ei
735 1373 847 1457 ξένους

301 1475 432 1572 ἱκτῆρος
451 1477 692 1567 παραδώσομεν

299 1588 512 1676 νιελιύσμασιν
527 1581 670 1677 1Ἀργους
691 1629 731 1640 -
753 1595 835 1660 etv.
861 1593 922 1658 770
942 1611 1005 1676 σφι

299 1691 378 1782 ἄλλ’,
400 1685 428 1766 ιδ
449 1694 578 1778 πότνια,
600 1696 660 1766 odo
681 1696 741 1783 γὰρ
764 1685 864 1777 οὖδας

298 1812 370 1898 γᾶς,
395 1804 464 1876 σδν
484 1808 548 1874 καὶ
568 1805 699 1889 πόλις,
721 1793 766 1885 ἇς
785 1803 833 1874 αδ
854 1802 977 1893 μάτηρ

299 1913 488 1985 δέσποινά
508 1942 548 1984 na
570 1916 634 1984 καὶ
655 1912 793 2004 φύλαξ,

202 2027 346 2112 diesque
367 2029 454 2112 mihi,
484 2027 538 2094 uhi
568 2029 730 2093 mutatum
753 2025 879 2092 indices.
922 2025 1086 2092 Praeterea
1105 2025 1244 2092 conferas
1265 2045 1295 2092 ν.

201 2135 263 2200 922
283 2154 355 2201 enm
377 2155 406 2201 v.
427 2137 500 2215 975,
523 2155 585 2219 quo
606 2136 758 2202 Alemone
783 2134 911 2201 mndem
933 2135 1041 2200 urbem
1061 2128 1176 2222 τήνδε
1197 2129 1296 2198 πόλιν

201 2243 347 2326 appellat,
380 2263 459 2328 quae
478 2246 522 2312 ihi
545 2247 629 2322 θεᾶς
650 2237 825 2328 (Ἀθάνας)
846 2236 944 2320 πόλις
965 2245 1126 2310 nominata
1147 2245 1224 2310 erat.
1256 2279 1292 2292 —

201 2351 305 2416 Multa
325 2351 389 2416 alia
410 2354 538 2433 possunt
559 2351 805 2429 commemorari,
827 2349 880 2416 sed
903 2367 942 2414 ne
961 2350 1073 2433 longus
1094 2350 1164 2430 sim,
1185 2351 1297 2427 mitto;

202 2477 298 2526 unum
329 2458 409 2525 addo
439 2463 659 2544 argumentum
692 2461 768 2544 puto
802 2459 885 2526 haud
918 2458 1133 2526 lenimeulum.
1184 2458 1295 2526 Nonne

204 2585 306 2634 eenses
328 2568 507 2652 Euripidem
539 2567 761 2634 stultissimum
795 2566 935 2632 intnrnm
963 2566 1058 2632 fuisse
1088 2568 1227 2649 poetam,
1267 2567 1294 2632 si

202 2693 344 2741 seaenam
367 2677 433 2742 eins
458 2676 647 2760 tragoediae,
680 2693 774 2760 quam
801 2675 841 2741 ad
872 2674 1029 2759 augendos
1053 2677 1085 2741 et
1109 2675 1295 2740 confirman-

202 2782 256 2849 dos
267 2784 549 2852 Atheniensium
567 2786 601 2852 in
622 2785 704 2852 hello
718 2785 977 2868 Peloponnesiaco
997 2785 1121 2851 animos
1137 2783 1294 2866 seripaisse

201 2891 332 2970 constet,
348 2892 436 2958 enine
449 2893 612 2959 historiam
625 2893 785 2960 Athenis
795 2893 943 2960 aeeidisse
954 2893 1039 2959 dama
1049 2891 1178 2972 ferebat,
1198 2909 1293 2974 qnam

200 2998 360 3066 Athenis
373 3001 496 3068 theatro
506 3001 637 3067 daturus
651 3003 729 3085 erat,
748 3001 775 3066 si
787 3001 852 3068 eins
863 3001 991 3085 inquam
1006 3018 1150 3068 soaenam
1161 3000 1293 3066 Athenis
1422 3009 1425 3020 ·

199 3107 415 3174 Marathonem
436 3109 669 3175 transtulisset?
710 3110 823 3206 Itaque
842 3109 984 3194 equidem
999 3127 1061 3176 non
1075 3108 1194 3188 dubito,
1216 3107 1292 3191 quin

199 3217 226 3282 si
247 3216 406 3282 servatum
429 3219 508 3283 esset
529 3217 631 3283 totum
653 3218 870 3301 Aristophanis
893 3217 1039 3302 Byzantii
1061 3217 1291 3301 argumentum,

198 3324 275 3392 haee
300 3324 333 3390 in
363 3323 424 3390 dne
452 3324 634 3408 legeremus:
669 3318 814 3412 ἠσκηνη
841 3326 901 3390 τοῦ
929 3318 1093 3408 δράματος
1118 3329 1224 3390 πῖναι
1250 3321 1293 3390 ἐν

198 3423 392 3519 Ἀθήναις.
434 3433 517 3500 Nem
546 3450 628 3498 nune
652 3451 775 3517 quoqne
798 3433 945 3500 mutilum
967 3436 1187 3518 argumentum
1209 3433 1290 3501 idem

199 3543 320 3626 egregie
347 3543 497 3608 testatur:
530 3538 682 3625 τῶνγὰρ
710 3540 840 3607 παίδων
867 3539 905 3623 ἐξ
922 3536 1052 3627 ἁπάσης
1072 3541 1293 3625 ἐλαυνομένων

198 3651 254 3734 γῆς
267 3644 323 3716 ὑπ’
339 3641 539 3733 Εὐρυσθέως
555 3647 639 3732 ἔχων
658 3641 780 3728 αι’τοδς
799 3635 902 3739 ἦλθον
922 3643 979 3729 οἷς
993 3642 1161 3740 Ἀθήνας
1182 3643 1292 3716 seinai

198 3754 399 3847 προσφογώι
419 3764 491 3839 τοῖς
511 3763 609 3838 θεοῖς
632 3757 706 3842 ἔσχε
720 3754 779 3846 τὴν
792 3749 975 3847 ἀσφάλειαν
989 3761 1215 3846 Δημοφῶντος
1234 3763 1292 3849 τῆς

197 3862 329 3947 πόλεως
351 3871 556 3952 κρατοῦντος.

295 3979 434 4046 ¹dandam
449 3979 617 4064 aliqnando
632 3979 702 4061 post
714 3978 840 4062 longam
855 3979 907 4044 sed
922 3980 1128 4045 amassariam
1145 3979 1292 4064 digressi·

197 4103 286 4153 onem
307 4089 436 4172 prologo
457 4089 517 4170 ipsi
539 4105 662 4170 operam
687 4086 910 4168 impertiamus.
956 4087 1060 4152 Iolaus
1083 4087 1175 4171 enim,
1206 4088 1291 4170 post-

198 4213 290 4276 quam
311 4197 344 4262 in
367 4196 491 4262 exordio
514 4197 557 4272 (ν.
583 4197 697 4270 1-11)
727 4213 759 4260 se
780 4215 844 4260 esse
868 4184 970 4278 δνδρα
998 4194 1210 4282 φιλοσυγγευῆ
1240 4215 1291 4260 ex·

197 4303 307 4384 posuit,
342 4306 425 4372 mala
451 4303 556 4369 omnia
582 4303 716 4382 enarrat,
748 4323 827 4388 quae
856 4304 927 4371 inde
958 4305 999 4370 ah
1020 4303 1163 4370 Hereulis
1191 4303 1290 4368 morte

1074 4416 1090 4466 a
