3080 4960
744 456 777 507 11

412 615 525 706 θάψαι
546 620 685 688 θέλουσι
704 621 807 688 scinde
827 621 963 708 μητέρες
981 621 1080 704 χθονλ

281 729 284 738 ’
411 726 524 816 θάψαι
545 729 705 798 θέλουσαι
725 730 828 796 τῶνδε
849 729 986 818 μητέρες
1006 732 1105 813 χθονί

412 835 525 925 θάψαι
548 835 714 918 θελούσας
732 840 834 906 τῶνδε
855 839 997 926 μητέρας
1014 840 1144 922 τέκνων,

214 951 360 1036 quoniam
383 970 511 1034 corpora
530 953 648 1034 septem
669 952 782 1017 dueum
805 952 845 1018 ad
869 951 990 1018 Thebas
1010 951 1181 1017 senmurum
1201 952 1307 1034 postea

214 1059 338 1126 demum
360 1062 393 1126 in
414 1079 557 1127 scaenam
579 1062 736 1128 feruntur:
771 1063 993 1144 amplectemur
1014 1061 1223 1128 coniecturam
1245 1061 1307 1143 W„

215 1169 268 1253 qni
291 1170 437 1236 restituta
457 1169 550 1235 Lanr.
573 1171 605 1235 et
621 1171 689 1236 Pal.
712 1170 843 1236 lectione
861 1167 1010 1253 μητέρων
1030 1169 1168 1252 scripsit:

362 1270 476 1361 θάψαι
495 1277 667 1343 θελουσῶν
690 1277 792 1342 τῶνδε
813 1276 962 1362 μητέρων
982 1275 1090 1358 χθονί.

214 1386 284 1453 Iam
304 1386 386 1453 reete
405 1386 507 1452 τῶνδε
528 1388 568 1454 ed
590 1389 704 1470 matres
725 1389 759 1451 in
780 1407 891 1454 scaena
912 1388 1086 1470 praesentes
1107 1385 1248 1451 refertur.
1267 1419 1306 1432 -

215 1495 275 1563 Sed
295 1496 456 1562 redeanm
473 1496 514 1562 ad
535 1497 660 1562 Medeae
680 1496 853 1580 prologum.
896 1497 934 1562 In
956 1514 1018 1581 quc
1041 1495 1194 1578 cumipse
1214 1513 1244 1560 v.
1266 1497 1307 1562 36

213 1605 353 1689 spurium
374 1623 439 1672 esse
460 1623 648 1689 cognossem,
670 1624 784 1690 magno
808 1623 879 1672 cum
900 1605 1015 1690 gaudie
1035 1603 1100 1671 vidi
1111 1603 1307 1670 Wheelernm

213 1713 235 1778 l.
257 1711 280 1777 l.
302 1731 331 1795 ρ.
353 1713 394 1776 24
415 1712 597 1778 adn.13in
625 1711 731 1778 eadem
753 1729 819 1778 esse
844 1713 996 1795 opinione.
1039 1712 1100 1777 Vir
1125 1711 1224 1777 ullum
1252 1711 1308 1778 ad·

214 1820 420 1887 ditamentum
447 1820 545 1886 tetius
576 1819 724 1886 erationis
752 1821 863 1886 habitu
889 1823 921 1886 et
945 1821 1105 1885 structura
1130 1820 1232 1904 magis
1259 1839 1309 1887 re·

214 1930 345 2012 spuitur,
379 1947 474 2013 quam
495 1930 555 1995 iste
575 1947 690 1997 sersus.
741 1929 824 1996 Mam
845 1930 1011 2013 postquam
1031 1929 1162 1996 affectus
1183 1929 1308 1996 Medeae

214 2037 285 2103 inde
305 2057 324 2104 a
344 2056 374 2105 u.
389 2041 430 2104 20
450 2039 528 2104 salis
549 2038 653 2122 ampla
674 2039 815 2104 oratione
836 2037 950 2122 depicti
969 2039 1051 2118 sunt,
1074 2040 1237 2122 postquam
1251 2039 1308 2106 illa

214 2149 362 2230 expositio
384 2148 523 2214 verubus
543 2149 595 2214 34.
615 2149 667 2228 35,
693 2167 771 2232 ques
792 2147 950 2215 clausulae
972 2149 1074 2214 locum
1094 2148 1198 2215 tenere
1219 2167 1307 2214 nemo
1333 2209 1337 2218 .

215 2274 276 2321 nen
297 2257 391 2336 videt,
424 2257 507 2323 inste
527 2257 620 2324 mede
640 2258 730 2324 linita
751 2260 807 2337 est,
840 2259 982 2343 sequitur
1002 2275 1082 2323 arnus
1104 2275 1210 2324 versus
1231 2255 1309 2322 mire

214 2365 403 2444 claudicans,
428 2366 482 2448 qni
504 2384 565 2450 quc
587 2366 630 2432 sit
652 2368 757 2433 anime
779 2367 888 2433 Medea
909 2368 943 2433 in
964 2367 1076 2432 liberes
1097 2364 1252 2446 describit.
1268 2397 1308 2410 -

213 2473 279 2540 Alii
304 2491 426 2559 qnoque
452 2476 573 2559 prologi
598 2475 667 2541 leco
698 2477 917 2559 agitatissimo‚
953 2495 981 2542 v.
1005 2476 1109 2540 fs—lti
1130 2473 1311 2539 Wheelerns

212 2581 328 2650 ibidem
349 2584 481 2649 salntem
504 2585 638 2666 pararit.
686 2584 898 2650 Difficultates
924 2585 1051 2650 illerum
1075 2599 1218 2649 versuum
1243 2599 1310 2648 ser-

213 2693 350 2758 centiens
382 2693 537 2776 erpesiiae
568 2695 655 2772 snnt3
697 2713 765 2778 spes
800 2693 983 2761 emendandi
1016 2710 1141 2776 prorsus
1172 2689 1309 2770 evannit,

212 2803 378 2886 postquam
397 2820 414 2866 e
431 2801 615 2886 fragmentis
636 2801 811 2884 Euripideis
832 2819 929 2884 nuper
951 2801 1080 2884 repertis
1102 2817 1153 2880 ecs¹
1172 2798 1310 2882 antiqni-
1450 2851 1455 2862 .

212 2911 265 2975 tus
286 2909 393 2976 eedem
415 2909 505 2976 modo
533 2911 666 2993 scriptos
691 2909 786 2975 finisse
818 2909 962 2990 vidimus,
996 2929 1057 2994 quc
1088 2912 1122 2976 in
1154 2907 1310 2976 radicibus

213 3021 328 3085 nesius
357 3019 493 3084 exstant:
529 3018 709 3084 Wheelerus
739 3017 838 3101 igitur
866 3019 978 3085 audaci
1004 3019 1056 3086 sed
1082 3018 1166 3086 felici
1192 3018 1310 3100 impetn

214 3147 244 3194 s.
267 3128 390 3192 11—15
414 3126 555 3210 Euripidi
577 3124 779 3193 abiudicavit.
819 3126 938 3193 ilatecr
961 3129 1131 3211 meipsum
1160 3127 1215 3192 diu
1246 3145 1311 3192 esse

214 3236 372 3302 cbnimm:
394 3253 477 3300 nunc
496 3235 578 3301 idem
600 3235 699 3300 sentio
722 3235 802 3319 qued
816 3236 1004 3302 Wheelerns.
1048 3235 1207 3302 Placuisse
1226 3236 1309 3302 enim

214 3345 355 3412 Medeam
375 3343 544 3410 Corinthiis
569 3343 704 3428 primum
734 3344 774 3429 (si
796 3343 922 3427 quidem
948 3344 1000 3409 hic
1019 3363 1109 3439 verus
1135 3362 1242 3411 sensus
1262 3346 1310 3411 est

214 3473 242 3520 s.
267 3451 327 3536 12),
351 3453 457 3536 pestes
477 3453 670 3536 displicuisse
691 3453 724 3518 in
746 3453 854 3518 fabula
875 3453 942 3536 ipsa
964 3471 1025 3519 ncn
1047 3453 1205 3528 audimus;
1236 3471 1310 3517 cen·

214 3564 344 3628 sensisse
365 3563 457 3628 antea
479 3580 549 3628 cnm
571 3561 687 3627 marito
702 3561 792 3626 docet
806 3579 834 3626 r.
848 3563 877 3640 8,
899 3580 991 3645 quem
1007 3561 1075 3627 idec
1088 3561 1211 3626 insnetc
1225 3578 1310 3627 mere

213 3671 316 3755 posuit
330 3671 501 3753 Euripides,
525 3669 609 3755 quod
629 3688 692 3736 nen
707 3670 807 3754 solnm
824 3670 864 3735 ad
880 3670 1120 3753 praecedentem,
1144 3670 1197 3736 sed
1214 3671 1308 3736 etiam

212 3779 253 3847 ad
263 3781 474 3865 insequentem
485 3779 670 3845 senMntiam
685 3780 819 3863 pertinet
831 3778 884 3864 (cl.
898 3778 961 3844 483
975 3799 1020 3864 sq.
1035 3781 1098 3845 506
1109 3797 1153 3862 sq.
1165 3777 1309 3861 Apellcd.

212 3889 285 3968 19,
312 3887 376 3972 27).
419 3888 469 3955 Ad
501 3888 583 3954 hunc
615 3887 715 3972 igitur
743 3887 919 3954 referendus
954 3890 1001 3954 est
1033 3908 1062 3954 v.
1085 3889 1133 3954 16.
1176 3887 1310 3953 Maxime

212 3998 318 4065 anum
348 3997 478 4080 gaudee,
513 3997 596 4083 qnod
622 3998 685 4063 istc
713 3997 891 4064 coniectura
921 3999 1113 4064 evanuerunt
1134 4014 1163 4061 v.
1188 3993 1238 4060 14:
1261 3997 1309 4062 15.

212 4105 409 4174 lliusmcdi
436 4105 531 4172 enim
556 4106 769 4174 sententiae
791 4105 972 4188 leguntur
999 4106 1039 4172 in
1064 4103 1186 4188 capite
1213 4105 1251 4169 et
1269 4105 1309 4170 in

211 4215 288 4282 line
322 4217 579 4301 prelogcrnm,
614 4217 717 4282 iutra
753 4217 854 4299 ipses
886 4215 1068 4299 prologos
1099 4231 1307 4298 nunquram.

213 4323 313 4406 Quam
337 4325 437 4410 legem
460 4324 658 4408 lluripideam
686 4343 746 4392 nen
774 4323 814 4392 nd
841 4323 1002 4392 libidinem
1032 4325 1159 4402 iactam
1192 4321 1245 4388 sed
1274 4339 1309 4392 ex
