3080 4960
734 403 770 456 87

369 569 429 640 σύν
448 576 555 661 μητρί,
578 575 673 642 τέκνα
692 571 737 662 μή
762 569 887 642 θύνωσ’
907 571 1114 659 Ἡρακλέους.
1199 589 1202 598 ’

201 697 282 766 Nem
305 699 332 765 si
354 699 516 785 Euripides
538 703 595 770 hoo
626 704 694 769 loeo
715 701 876 786 Megaram
908 703 1014 770 edesse
1047 703 1181 782 dixisset,
1213 705 1296 771 uerte

200 807 281 875 idem
316 826 453 894 expresso
481 809 519 875 de
548 809 653 876 liberis
686 811 925 894 pronuntiasset.
970 810 1029 876 Sed
1057 829 1127 875 oum
1149 810 1296 894 Megame

200 935 228 982 v.
250 917 271 982 9
295 911 466 1001 (Μεγάρας
485 915 616 1002 τῆσδε)
643 919 674 984 et
697 919 736 986 14
763 914 933 1004 (Μεγάραν
953 913 1093 1004 τήνδε),
1126 919 1294 985 liberorum

200 1045 228 1091 v.
251 1027 291 1092 42
313 1025 413 1111 (οἵδ’)
438 1027 555 1092 mentio
581 1026 666 1094 faute
694 1029 781 1108 esset,
814 1029 865 1095 hio
886 1027 998 1093 noluit.
1040 1028 1205 1094 Praetereo
1226 1027 1295 1110 plus

199 1153 293 1219 quam
324 1135 431 1203 11111111
460 1137 533 1202 sunt
559 1137 653 1202 verba
673 1135 768 1201 τέκνα
789 1131 834 1226 μὴ
855 1131 982 1203 θύνωσ’
1004 1132 1211 1220 Ἡρακλέους.
1254 1171 1294 1184 -

198 1243 305 1311 Altera
327 1245 536 1328 interpolatio,
558 1263 586 1311 v.
609 1245 660 1312 53.
681 1246 723 1311 54

344 1367 488 1455 πλευρὰς
508 1369 678 1449 τιθέντεςι
701 1369 737 1438 ἐκ
757 1367 817 1456 γὰρ
840 1369 1091 1458 ἐσφραγισμένοι

345 1473 458 1562 δόμων
479 1475 648 1570 καθήμεθ’
670 1472 796 1568 οίπορίᾳ
815 1479 979 1566 σωτηρίας

195 1605 320 1689 explosa
338 1607 385 1672 est
404 1606 444 1672 1111
459 1607 604 1686 Usenem,
627 1607 682 1690 qui
700 1604 870 1689 τιθέμενοι
884 1625 940 1690 pro
953 1604 1102 1684 τιθέντες
1115 1605 1293 1684 desiderari,

197 1710 485 1799 ἐξεσφραγισμένοι
506 1735 542 1781 ea
564 1735 626 1798 quo
655 1715 705 1780 hio
732 1716 900 1798 usurpetur
926 1715 1051 1782 notione
1077 1735 1115 1781 ue
1138 1713 1292 1780 Graecum

195 1821 320 1905 quidem
342 1841 406 1889 esse
426 1823 503 1890 bene
525 1825 686 1909 coguovit3
716 1823 810 1889 verba
829 1812 989 1909 ἀστρώτῳ
1011 1821 1102 1907 πέδῳ
1124 1822 1293 1905 interpole-

195 1931 295 1996 torem
308 1933 525 2014 provocarim,
548 1932 602 2015 qui
621 1951 650 1997 v.
663 1933 725 1998 330
747 1931 803 1994 νῦν
822 1925 882 2016 γὰρ
903 1925 1128 2020 ἐκκεκλῄμεθα
1147 1930 1180 1994 in
1201 1949 1292 1996 usum

197 2057 288 2104 suum
317 2040 479 2106 conuertit
523 2040 636 2108 Fecere
655 2043 759 2106 eutem
787 2059 848 2107 nou
870 2059 1008 2124 possum,
1043 2039 1116 2124 quin
1140 2058 1210 2106 oum
1233 2038 1292 2103 hoe

196 2148 264 2213 loeo
297 2146 430 2215 ultorum
461 2149 648 2232 coniungam
674 2167 693 2212 e
714 2147 822 2214 multis
843 2148 919 2215 viris
945 2149 1044 2215 doctis
1065 2149 1097 2214 et
1118 2147 1293 2231 nuperrime

173 2255 646 2340 ἱοΜε111ετο(Εοτίηἰᾱεσοοοο
675 2276 705 2340 p.
727 2255 782 2340 51)
814 2257 981 2340 agitatum.
1024 2255 1178 2322 Audimus
1209 2255 1291 2323 enim

195 2365 228 2430 in
249 2364 377 2448 prologo
398 2365 658 2450 Amphitruonem
680 2385 751 2431 cum
772 2363 901 2450 Mogore
922 2367 953 2431 et
972 2364 1077 2430 liberis
1092 2363 1237 2430 Heroulis
1250 2364 1290 2430 ed

196 2491 282 2539 erum
304 2474 389 2541 Iouis
405 2473 580 2542 servatoris
601 2475 633 2540 iu
655 2472 721 2540 solo
742 2475 850 2553 iuuere,
871 2473 1014 2556 idemque
1035 2472 1239 2540 confirmatur
1259 2475 1291 2540 et

195 2579 269 2665 Lyci
282 2581 376 2649 minis
394 2583 546 2667 v.243sq.
566 2584 599 2650 et
612 2581 758 2667 Megeree
778 2582 919 2666 precibus
941 2601 970 2648 v.
982 2583 1044 2648 329
1058 2602 1105 2667 sq.
1141 2581 1201 2648 Sed
1222 2583 1291 2666 lego

196 2707 298 2756 versus
319 2693 460 2759 73-79:

344 2815 425 2886 οἳδ
448 2821 495 2900 etc
516 2815 647 2906 ἔλεγχον
667 2809 765 2898 ditos
786 2807 930 2886 ύίλλσθεν
952 2819 1086 2904 πίτνων,

223 2949 232 2968 ·
341 2913 369 2993 oi
389 2931 501 3020 μῆτερ,
523 2918 617 3020 αύδᾷ,
638 2933 701 3012 ποῖ
721 2923 830 3018 πατὴρ
852 2919 972 2995 ύπεστι
993 2930 1072 3014 γῆςς

338 3037 373 3104 τί
393 3038 473 3128 δρᾷς
494 3031 579 3104 πόθ’
603 3032 687 3126 ἥξεις
708 3040 756 3125 τῷ
778 3037 841 3125 νέῳ
863 3039 892 3104 δ’
915 3037 1112 3126 ἐσφαλμένοι

341 3147 471 3234 ζητοῦσι
492 3143 551 3212 τδν
570 3145 712 3214 τεκόντ’·
735 3141 797 3231 ε’γιδ
816 3147 854 3214 δὲ
874 3147 1021 3234 διαφέρω

340 3253 465 3342 λύγοισι
487 3251 699 3339 μυθεύουσα·
722 3251 900 3339 θαυμάζων
907 3255 932 3341 ¹)
952 3247 1085 3323 δ’ύταν

341 3361 460 3432 πύλαι
481 3368 662 3454 ψοφῶσι,
682 3371 748 3444 πᾶς
767 3356 934 3452 ἀνίστησιν
955 3359 1045 3432 πόδα

342 3468 388 3554 uic
408 3470 495 3558 πρδς
515 3475 674 3560 πατρῷον
694 3468 983 3558 προσπεσούμενοι
1004 3469 1091 3560 γόνυ.

192 3601 301 3670 Nonne
316 3602 410 3669 verbe
424 3595 506 3668 ὅταν
526 3595 627 3666 πύλαι
642 3601 783 3688 ψοφῶσι
797 3601 818 3668 i.
834 3621 860 3668 e.
876 3601 1019 3686 quotiens
1033 3603 1123 3686 porte
1138 3602 1286 3687 erepet2),

189 3708 366 3794 siguificare
379 3709 527 3776 videntur
540 3707 682 3776 Herculis
702 3708 815 3776 liberos
836 3709 935 3776 domi
957 3711 1093 3776 versari?
1116 3709 1175 3776 Sed
1192 3711 1286 3776 etiem

190 3816 261 3884 eliis
284 3817 402 3884 mendis
423 3817 471 3884 illi
494 3837 600 3884 vorsus
621 3817 776 3898 laborent,
808 3835 939 3902 quorum
967 3818 1119 3886 nonnulle
1140 3817 1287 3903 cognovit

190 3925 385 4012 Hortuugus.
426 3925 519 3995 Falso
551 3927 635 3992 euim
667 3927 817 4010 usurpate
849 3925 923 3994 suot
958 3925 1049 3994 verbe
1082 3921 1129 4006 είς
1157 3923 1288 4016 ἔλεγχον

293 4199 319 4270 1)
337 4197 384 4256 Sie
400 4203 477 4256 rede
494 4199 655 4258 emendavit
672 4199 707 4256 11.

291 4297 321 4368 2)
340 4295 381 4354 01.
400 4295 464 4368 Iope.
476 4295 496 4352 ·1
516 4296 557 4352 11.
579 4299 621 4354 17.
