3080 4960
742 427 777 480 47

215 597 386 680 ponuntur:
422 615 502 679 qnae
530 615 592 662 non
618 597 681 663 alio
709 597 833 662 vincnlo
858 597 941 662 inter
966 615 1000 661 se
1020 613 1114 661 nexae
1134 596 1217 674 sunt,
1251 595 1310 659 nisi

217 704 299 788 quod
331 721 436 770 omnes
465 705 505 770 ad
535 705 659 771 Troiam
689 706 813 788 captam
841 705 873 770 et
900 704 940 771 ad
967 705 1129 786 captarum
1155 703 1312 768 Troadum

215 813 329 879 sutem
364 815 529 896 pertinent.
579 814 784 908 Quam—obrem
812 813 973 898 Eudpides
1004 815 1037 878 in
1063 813 1191 896 prologo
1221 811 1312 877 huius

218 921 341 988 tabulae
367 923 445 988 lacit
472 923 654 1006 Neptunum
677 924 788 990 Troiae
819 921 1076 1007 expugnationem
1108 923 1140 988 et
1167 941 1203 987 ea
1233 940 1312 1004 quae

216 1031 325 1097 statim
357 1030 521 1096 subsecuta
550 1031 625 1096 sunt
656 1031 851 1095 enarrantem
886 1033 928 1109 (ν.
950 1031 1079 1109 8-44).
1125 1029 1164 1093 In
1188 1027 1311 1094 exordio

218 1159 311 1224 quarn
334 1159 406 1205 cara
429 1139 489 1206 sibi
511 1139 568 1205 illa
589 1139 664 1205 urbs
686 1140 790 1218 fuerit,
812 1139 936 1222 exponit
957 1139 999 1223 (u.
1025 1136 1164 1221 1-7)¹);
1186 1137 1220 1201 in
1240 1155 1312 1202 con-

217 1250 354 1315 elusione
376 1249 539 1314 consilium
559 1250 683 1330 captam
699 1247 930 1331 derelinquendi
944 1249 1048 1330 prodit
1058 1249 1101 1328 (v.
1112 1243 1259 1328 45—47).
1272 1279 1312 1292 -
1350 1295 1356 1306 .

217 1357 379 1424 Prooemio
398 1357 521 1441 prologi
542 1358 640 1423 assuti
659 1363 733 1422 sunt
754 1357 795 1421 ab
814 1356 1035 1438 interpolatore
1049 1357 1111 1422 duo
1125 1361 1231 1420 versus
1245 1373 1313 1436 pes·

216 1466 289 1531 simi
310 1466 360 1531 13.
383 1467 438 1530 14:

387 1587 471 1656 ὅθεν
489 1589 575 1672 πρὸς
594 1581 722 1674 α’νδρῶν
743 1586 890 1676 ὑστέρων
910 1585 1099 1680 κεκλήσεται

384 1693 532 1783 δούρειος
551 1699 668 1780 ἵππος,
690 1695 837 1783 κρυπτὸν
858 1693 1031 1783 ἀμπισχών
1051 1693 1149 1790 δόρυ,

217 1827 386 1912 quiquam
411 1825 491 1892 male
515 1844 546 1890 se
570 1826 706 1892 habeant
727 1825 895 1892 scholiasta
923 1827 1079 1909 cognovit,
1114 1828 1189 1891 haec
1216 1825 1314 1893 adno-

215 1940 303 2004 tans:
338 1941 475 2019 ψυχροῖς
501 1927 722 2021 ἠτυμολόνησε
750 1930 808 2000 τδν
836 1934 944 1999 ἵππον
971 1925 1040 1998 ἀπὸ
1062 1935 1129 1998 τῶν
1156 1933 1313 2016 δοράτων.

218 2035 351 2130 ἄμεινον
379 2040 438 2130 γὰρ
473 2041 564 2128 παρὰ
593 2039 633 2110 τὰ
662 2044 766 2128 δοῦρα
795 2046 1007 2132 πεποιῆσθαι
1032 2032 1132 2128 ἤγουν
1156 2039 1199 2109 τοὶ
1225 2039 1313 2126 ξύλα.

210 2149 351 2240 Ὅμηρος
372 2149 558 2238 δουράτεον,
582 2147 603 2218 δ’
623 2153 691 2220 ἐστι
715 2149 853 2235 ξύλινον.
897 2153 979 2219 Mira
1000 2173 1074 2220 sane
1094 2154 1152 2220 hoc
1169 2155 1236 2221 loco
1257 2174 1315 2220 no·

217 2265 264 2331 bis
284 2265 449 2347 praebetur
469 2264 621 2342 doctrina,
655 2284 734 2347 quae
762 2265 802 2329 ab
828 2264 913 2329 omni
938 2263 1138 2347 antiquitatis
1165 2264 1313 2331 memoria

217 2391 341 2456 prorsus
361 2375 514 2440 abhorret.
553 2373 612 2439 Sed
627 2374 690 2440 scio
713 2393 776 2439 esse
798 2374 959 2456 quosdam,
981 2375 1035 2457 qui
1049 2392 1110 2456 quo
1128 2374 1314 2457 putidiorem

217 2483 420 2550 eruditionem
442 2502 515 2565 prae
535 2501 567 2548 se
587 2482 667 2548 ierat
687 2482 793 2566 eliqua
816 2481 977 2560 sententia,
1000 2501 1035 2548 eo
1056 2482 1204 2550 libentius
1223 2481 1315 2547 Euri-

218 2593 282 2674 pidi
302 2593 457 2659 tribuant:
479 2593 513 2657 at
533 2609 587 2656 cur
605 2591 732 2656 tandem
744 2591 909 2674 Neptunus
924 2590 1077 2656 excidium
1089 2593 1199 2657 Troiae
1213 2592 1314 2657 multa

219 2718 287 2766 oum
317 2699 584 2766 commiseratione
610 2717 758 2764 enarrans
786 2699 889 2764 subito
915 2698 955 2765 ad
976 2699 1175 2784 grammatici
1201 2718 1313 2764 munus

218 2809 321 2893 etyma
347 2807 570 2875 vocabulorum
598 2807 776 2890 exponentis
804 2806 983 2873 descendit?
1026 2807 1189 2906 Praeterea
1221 2808 1315 2874 verba

217 2921 321 3001 aperte
341 2917 595 3001 interpolatorem
616 2915 775 2982 indicant:
808 2935 869 3002 quo
896 2917 1089 2984 referendum
1115 2917 1157 2983 sit
1179 2909 1262 2982 ὅθεν
1283 2919 1314 2983 et

217 3026 364 3118 auditori
375 3026 584 3111 quaerendum
606 3027 653 3090 est
675 3027 707 3092 et
721 3025 846 3103 lectori:
869 3045 962 3094 causa
978 3027 1083 3094 autem
1097 3027 1165 3112 ipsa
1180 3027 1313 3093 iteratur

217 3135 318 3202 uerbis
339 3135 484 3218 κρυπτὸν
502 3126 677 3219 ἀμπισχών
690 3128 780 3217 δόρυ,
804 3155 896 3220 quem
917 3136 1114 3202 falsariorum
1136 3156 1226 3203 usum
1248 3136 1314 3202 lon.

218 3243 258 3309 67
281 3245 494 3328 cognovimus.
519 3283 557 3292 -
581 3245 673 3311 Ultro
697 3244 761 3310 iere
783 3244 956 3328 exploditur
979 3261 1006 3312 u.
1030 3247 1070 3310 22

405 3365 444 3438 οἳ
460 3367 547 3462 τήνδ’
571 3365 832 3454 ἐπεστράτευσαν
847 3364 998 3454 Ἕλληνες
1019 3365 1127 3436 πόλιν.

219 3497 317 3564 Nemo
340 3497 513 3568 subiectum
536 3498 700 3566 desiderat.
745 3499 876 3564 Prorsus
896 3498 1011 3565 falsum
1032 3500 1080 3565 est
1098 3493 1192 3584 τήνδε
1207 3493 1314 3566 πόλιν.

220 3606 363 3672 Vidimus
380 3609 462 3674 enim
484 3610 577 3676 antea
599 3608 868 3672 accuratissimum
889 3626 954 3674 esse
978 3609 1011 3674 in
1033 3609 1170 3694 prologis
1191 3609 1316 3690 lduripi·

219 3715 284 3782 deis
312 3719 503 3810 pronominis
532 3711 587 3784 ὅδε
614 3736 720 3783 usum:
753 3735 863 3784 scaena
889 3717 1069 3802 tragoediae
1089 3737 1151 3784 non
1178 3718 1211 3783 in
1240 3719 1315 3786 urbe

220 3825 324 3906 Troia,
345 3826 397 3892 sed
419 3827 453 3892 in
475 3827 587 3894 castris
607 3826 796 3892 Graecorum
818 3828 865 3892 est
886 3826 939 3910 (ci.
961 3845 990 3892 v.
1011 3827 1315 3911 32.139.176etc.).

220 3933 264 4000 Ut
286 3933 385 4002 obiter
405 3954 559 4017 moneam,
592 3936 669 4002 haec
690 3934 759 4020 ipsa
779 3935 856 4002 mihi
877 3935 1001 4002 videtur
1020 3935 1114 4002 buoso
1136 3955 1239 4022 causa,
1262 3955 1317 4002 cur

219 4041 381 4127 Euripides
402 4048 476 4111 ul
504 4062 565 4110 uon
591 4044 764 4128 scripserit:
799 4038 896 4130 τήνδε
923 4041 1070 4138 Τρωικὴν
1090 4039 1215 4112 πόλιν.
1257 4045 1318 4114 Su-

321 4323 344 4394 1)
362 4325 438 4378 Ante
456 4341 570 4382 versum
588 4323 605 4380 8
624 4326 707 4397 plene
727 4326 981 4398 interpungendum
1000 4331 1051 4382 eet.
