3080 4960
740 415 790 467 107

221 584 384 669 mologiae,
415 585 644 669 mythologicae
665 585 806 665 notitiae,
827 601 905 669 quas
927 603 956 668 p.
981 585 1040 649 103
1062 585 1270 667 congessimus
1280 583 1313 668 ¹),

219 692 406 776 Plerumque
436 693 482 759 ita
511 693 651 760 intrusae
680 695 755 761 eunt
783 693 816 760 in
842 693 936 761 rerba
968 693 1087 788 poetae„
1118 693 1155 759 ut
1184 693 1314 760 eximere

220 801 335 886 possisr
356 802 456 868 rarim
471 801 637 887 Euripides
658 803 826 871 immutata
848 805 880 868 et
901 801 1036 868 dilatata
1052 802 1135 881 sunt
1158 803 1195 868 ut
1208 803 1313 888 spuria

222 929 241 976 a
262 911 405 994 genuinis
427 913 511 978 certo
533 911 657 995 quidem
678 931 819 996 separare
841 930 902 978 non
924 910 1026 977 liceat.
1069 910 1172 976 Huius
1204 911 1315 996 speciei

221 1019 380 1086 luculento
389 1021 527 1106 exempla
537 1023 660 1088 exstant
670 1021 769 1088 Andr.
781 1021 905 1087 49-55
917 1021 970 1101 (oi.
983 1040 1012 1104 p.
1028 1020 1068 1084 27
1077 1019 1147 1103 sq),
1170 1021 1236 1087 Ion.
1252 1023 1313 1087 8-

221 1129 270 1194 19.
291 1129 416 1194 36-40
448 1129 500 1207 (cl.
523 1149 553 1214 p.
575 1131 613 1196 41
638 1131 715 1214 sq),
750 1130 865 1196 Pboou
894 1130 1019 1196 21-23
1049 1128 1102 1212 (ci.
1129 1148 1159 1213 p.
1181 1131 1222 1195 66
1243 1133 1313 1214 sq).

221 1237 400 1304 Necessario
421 1239 481 1306 hac
499 1239 757 1323 interpolatorum
780 1257 872 1323 opera
886 1239 982 1306 otiam
1005 1257 1130 1323 prorsus
1149 1239 1314 1322 absumpto

220 1347 293 1412 sunt
313 1347 407 1414 rerba
427 1349 579 1431 genuina;
600 1350 729 1416 lacunas
748 1349 854 1416 autem
866 1349 899 1414 in
914 1348 1051 1432 prologis
1073 1346 1247 1431 Euripidem
1265 1346 1314 1412 iu·

222 1454 321 1520 veniri
341 1453 484 1538 equidem
505 1474 568 1522 non
589 1457 674 1540 puto.

319 1563 534 1630 Histriones
562 1563 708 1648 duplici
739 1562 847 1630 modo
880 1564 1068 1649 prologis
1100 1563 1313 1648 Ituripideis

136 1674 140 1697 ¹
220 1672 442 1738 nocuerunt:
475 1672 734 1740 additamenta
760 1671 945 1740 intrusere
966 1673 1037 1740 aut
1057 1671 1103 1740 ad
1128 1690 1311 1739 scaenam

219 1779 384 1848 fabulae
423 1781 711 1849 immutandam
746 1781 816 1848 aut
840 1781 897 1847 ad
935 1773 1078 1858 πάθος
1118 1781 1313 1848 sermonis

220 1889 438 1974 augendum.

320 1999 358 2066 ln
379 1999 529 2082 quattuor
555 1997 725 2084 tragoediis
751 1997 906 2065 scaenicas
928 1998 1117 2064 mutationes
1143 1998 1241 2066 iecere
1265 1999 1314 2064 bi·

223 2108 371 2174 striones:
393 2107 631 2174 Herachdamm
652 2107 790 2175 fabulam
812 2107 1005 2188 Marathone,
1025 2126 1088 2172 non
1107 2106 1242 2174 Athenis
1262 2107 1315 2188 agi

223 2216 389 2283 voluerunt
408 2217 650 2301 (interpolatunt
664 2237 693 2283 r.
711 2218 763 2282 31.
777 2219 828 2282 32.
847 2217 980 2283 34-37.
998 2218 1052 2300 393
1074 2216 1114 2281 cl.
1139 2235 1168 2298 p.
1191 2217 1312 2298 20sq.)‚

222 2325 367 2392 Hecubae
389 2325 578 2410 Polydorum
601 2325 782 2410 pendentem
802 2327 836 2390 in
862 2343 984 2399 scaena,
1015 2343 1078 2392 non
1099 2324 1313 2409 procedentem

221 2433 360 2500 iecerunt
379 2435 503 2518 (interp.
525 2452 555 2500 r.
571 2435 710 2510 28-34;
731 2434 769 2499 ci.
785 2455 813 2516 p.
825 2436 865 2499 33
877 2434 946 2517 sq),
968 2435 1003 2499 in
1019 2433 1152 2500 Bacchis
1172 2433 1313 2500 scaenico

221 2543 385 2628 apparatui
407 2543 563 2611 mmantos
577 2543 700 2610 aedium
715 2543 848 2611 Semeles
861 2544 967 2610 ruinas
981 2542 1168 2610 addiderunt
1188 2543 1313 2628 (interp.

220 2672 250 2720 r.
272 2653 369 2733 6-93
392 2653 430 2718 ci.
451 2674 479 2736 p.
504 2653 543 2717 75
564 2655 633 2738 sq),
661 2653 789 2720 chorum
811 2653 893 2720 circa
911 2651 1003 2720 finem
1023 2653 1145 2739 prologi
1166 2651 1222 2738 (an
1242 2670 1313 2718 curn

222 2759 383 2844 Brochoi)
406 2760 439 2826 in
459 2779 602 2826 scaenam
616 2761 769 2828 duxerunt
785 2761 950 2846 (interpr.
962 2759 1113 2848 55-63),
1134 2762 1314 2847 iphigeniae

221 2869 399 2938 Aulidensis
426 2869 692 2954 Agamemnonem
722 2889 792 2936 cum
820 2889 891 2938 sene
913 2870 946 2936 in
967 2889 1079 2937 scaena
1099 2871 1234 2956 colloqui
1258 2889 1314 2937 ro-

220 2979 346 3045 luerunt
373 2978 552 3064 (interpr.
578 2979 888 3060 1-oe.115-1oa;
921 2979 960 3045 cl.
987 3000 1017 3063 p.
1039 2978 1167 3064 eosq).
1209 2979 1314 3063 Atque

220 3086 330 3154 iisdem
350 3087 414 3154 illis
434 3087 572 3172 prologis
589 3086 682 3154 rerba
703 3078 841 3164 πάθους
850 3087 942 3172 plena
960 3089 1173 3155 annexuerunt
1186 3087 1313 3155 histrio-

221 3213 284 3276 nes,
306 3195 418 3280 quibus
438 3214 568 3279 persona
588 3192 829 3280 προλογίζουσα
852 3197 1065 3282 insequentem
1087 3197 1312 3282 alloqueretur:

222 3303 457 3372 Heraclidamm
480 3306 608 3390 prologo
626 3305 803 3385 nbi-54,
828 3305 974 3374 Hecubae
993 3305 1122 3391 prologo
1135 3307 1312 3388 aco-58,
1370 3351 1375 3362 ·

222 3412 416 3480 Baccharum
437 3413 565 3499 prologo
583 3435 612 3480 r.
627 3415 760 3497 55-63,
781 3415 963 3498 Iphigeniae
984 3414 1163 3482 Aulidonsis
1185 3413 1313 3499 prologo

222 3521 368 3602 (mutatis
387 3523 488 3590 vorbis
509 3522 696 3608 Euripideis)
715 3543 745 3590 v.
769 3523 941 3589 loc-114.
981 3524 1113 3608 llgregie
1134 3525 1240 3591 autem
1260 3541 1313 3590 ac-

222 3629 299 3696 cidit
318 3631 359 3697 ad
379 3633 564 3698 sententium
582 3651 682 3698 meam
703 3631 741 3698 de
764 3631 914 3698 scaenicis
932 3631 1224 3716 interpolationibus
1242 3651 1313 3716 pro·

222 3739 367 3824 bandum,
388 3742 425 3806 ut
441 3739 605 3808 histriones
625 3760 676 3808 eos
698 3741 780 3826 ipsos
801 3741 955 3826 prologos,
976 3743 1088 3826 quibus
1109 3761 1220 3810 manus
1241 3761 1313 3810 snas

220 3847 414 3933 impudentes
442 3849 664 3934 imposuerunt,
696 3849 758 3917 ista
779 3839 978 3940 ἀποστροφῇ
1006 3851 1095 3936 quasi
1123 3852 1228 3938 sigillo
1256 3869 1312 3920 suo

221 3959 387 4028 munirent.

322 4165 347 4231 1)
366 4163 445 4218 Adde
460 4163 545 4240 llere.
566 4165 678 4220 b‘l-bi.
716 4163 756 4218 (ii.
776 4183 803 4236 p.
822 4165 865 4220 88.

669 4333 862 4344 ——fl—-u—-u
