<?xml version="1.0" encoding="UTF-8"?>
<!DOCTYPE html PUBLIC "-//W3C//DTD XHTML 1.0 Transitional//EN"
    "http://www.w3.org/TR/xhtml1/DTD/xhtml1-transitional.dtd">
<html xmlns="http://www.w3.org/1999/xhtml" xml:lang="en" lang="en">
 <head>
  <title>
</title>
<meta http-equiv="Content-Type" content="text/html;charset=utf-8" />
  <meta name='ocr-system' content='tesseract 3.04.00' />
  <meta name='ocr-capabilities' content='ocr_page ocr_carea ocr_par ocr_line ocrx_word'/>
</head>
<body>
  <div class='ocr_page' id='page_1' title='image "./deeuripideorump01klingoog_0072.png"; bbox 0 0 3080 4960; ppageno 0'>
   <div class='ocr_carea' id='block_1_1' title="bbox 716 471 750 525">
    <p class='ocr_par' dir='ltr' id='par_1_1' title="bbox 716 471 750 525">
     <span class='ocr_line' id='line_1_1' title="bbox 716 471 750 525; baseline -0.029 0"><span class='ocrx_word' id='word_1_1' title='bbox 716 471 750 525; x_wconf 82' lang='grc'><strong>67</strong></span> 
     </span>
    </p>
   </div>
   <div class='ocr_carea' id='block_1_2' title="bbox 183 635 1301 2034">
    <p class='ocr_par' dir='ltr' id='par_1_2' title="bbox 183 635 1301 2034">
     <span class='ocr_line' id='line_1_2' title="bbox 186 635 1301 726; baseline 0.004 -23"><span class='ocrx_word' id='word_1_2' title='bbox 186 641 338 719; x_wconf 69' lang='grc' dir='ltr'><strong>βακχεῖαι</strong></span> <span class='ocrx_word' id='word_1_3' title='bbox 358 639 414 704; x_wconf 81' lang='grc' dir='ltr'><strong>καὶ</strong></span> <span class='ocrx_word' id='word_1_4' title='bbox 434 635 453 704; x_wconf 85' lang='grc' dir='ltr'>ὁ</span> <span class='ocrx_word' id='word_1_5' title='bbox 473 637 633 706; x_wconf 82' lang='grc' dir='ltr'><em>Διονύσου</em></span> <span class='ocrx_word' id='word_1_6' title='bbox 657 637 734 720; x_wconf 76' lang='grc' dir='ltr'><strong><em>ναὸς</em></strong></span> <span class='ocrx_word' id='word_1_7' title='bbox 752 643 806 708; x_wconf 83' lang='grc' dir='ltr'><strong>καὶ</strong></span> <span class='ocrx_word' id='word_1_8' title='bbox 819 641 858 708; x_wconf 82' lang='grc' dir='ltr'><strong>τὸ</strong></span> <span class='ocrx_word' id='word_1_9' title='bbox 873 637 1035 726; x_wconf 78' lang='grc' dir='ltr'><strong><em>μαντικόν,</em></strong></span> <span class='ocrx_word' id='word_1_10' title='bbox 1057 636 1104 719; x_wconf 77' lang='grc' dir='ltr'><strong>ὥς</strong></span> <span class='ocrx_word' id='word_1_11' title='bbox 1123 637 1163 706; x_wconf 68' lang='grc' dir='ltr'><strong>τι)</strong></span> <span class='ocrx_word' id='word_1_12' title='bbox 1185 645 1301 724; x_wconf 54' lang='grc' dir='ltr'><strong><em>,βαι--</em></strong></span> 
     </span>
     <span class='ocr_line' id='line_1_3' title="bbox 187 740 1285 830; baseline 0.005 -18"><span class='ocrx_word' id='word_1_13' title='bbox 187 751 277 828; x_wconf 79' lang='grc' dir='ltr'><strong><em>χαῖον</em></strong></span> <span class='ocrx_word' id='word_1_14' title='bbox 296 740 408 830; x_wconf 81' lang='grc' dir='ltr'><strong><em>νᾶρα“.</em></strong></span> <span class='ocrx_word' id='word_1_15' title='bbox 451 750 520 815; x_wconf 88' lang='lat' dir='ltr'><strong>Hac</strong></span> <span class='ocrx_word' id='word_1_16' title='bbox 540 751 614 817; x_wconf 89' lang='lat' dir='ltr'><strong>sunt</strong></span> <span class='ocrx_word' id='word_1_17' title='bbox 634 751 736 818; x_wconf 86' lang='lat' dir='ltr'><strong>iustae</strong></span> <span class='ocrx_word' id='word_1_18' title='bbox 757 753 848 818; x_wconf 84' lang='lat' dir='ltr'><strong>huius</strong></span> <span class='ocrx_word' id='word_1_19' title='bbox 870 752 1015 818; x_wconf 80' lang='lat' dir='ltr'>vocabuli</span> <span class='ocrx_word' id='word_1_20' title='bbox 1037 750 1191 826; x_wconf 67' lang='lat' dir='ltr'><strong>notionem</strong></span> <span class='ocrx_word' id='word_1_21' title='bbox 1213 751 1285 830; x_wconf 86' lang='lat' dir='ltr'><strong>„fu-</strong></span> 
     </span>
     <span class='ocr_line' id='line_1_4' title="bbox 183 858 1285 944; baseline 0.003 -21"><span class='ocrx_word' id='word_1_22' title='bbox 183 876 288 926; x_wconf 86' lang='lat' dir='ltr'><strong>rorem</strong></span> <span class='ocrx_word' id='word_1_23' title='bbox 309 858 520 938; x_wconf 82' lang='lat' dir='ltr'><strong>bacchioum“‚</strong></span> <span class='ocrx_word' id='word_1_24' title='bbox 553 859 664 925; x_wconf 90' lang='lat' dir='ltr'><strong>nedum</strong></span> <span class='ocrx_word' id='word_1_25' title='bbox 691 863 912 940; x_wconf 84' lang='lat' dir='ltr'><strong>„ebrietatem“</strong></span> <span class='ocrx_word' id='word_1_26' title='bbox 934 878 1088 944; x_wconf 83' lang='lat' dir='ltr'><strong>nusquam</strong></span> <span class='ocrx_word' id='word_1_27' title='bbox 1118 859 1285 943; x_wconf 86' lang='lat' dir='ltr'><strong>significat.</strong></span> 
     </span>
     <span class='ocr_line' id='line_1_5' title="bbox 188 963 1284 1053; baseline 0.001 -20"><span class='ocrx_word' id='word_1_28' title='bbox 188 967 297 1052; x_wconf 87' lang='lat' dir='ltr'><strong>Neque</strong></span> <span class='ocrx_word' id='word_1_29' title='bbox 318 968 420 1050; x_wconf 88' lang='lat' dir='ltr'><strong>potest</strong></span> <span class='ocrx_word' id='word_1_30' title='bbox 434 967 516 1051; x_wconf 89' lang='lat' dir='ltr'><strong>apud</strong></span> <span class='ocrx_word' id='word_1_31' title='bbox 532 970 642 1050; x_wconf 91' lang='lat' dir='ltr'><strong>probos</strong></span> <span class='ocrx_word' id='word_1_32' title='bbox 657 971 822 1053; x_wconf 77' lang='lat' dir='ltr'><strong>scriptores</strong></span> <span class='ocrx_word' id='word_1_33' title='bbox 836 969 960 1035; x_wconf 78' lang='grc' dir='ltr'><strong><em>διδόναι</em></strong></span> <span class='ocrx_word' id='word_1_34' title='bbox 974 987 1029 1052; x_wconf 92' lang='lat' dir='ltr'><strong>pro</strong></span> <span class='ocrx_word' id='word_1_35' title='bbox 1046 963 1145 1033; x_wconf 77' lang='grc' dir='ltr'><strong><em>αδιδν</em></strong></span> <span class='ocrx_word' id='word_1_36' title='bbox 1159 963 1284 1034; x_wconf 90' lang='grc' dir='ltr'><strong><em>διδόναι</em></strong></span> 
     </span>
     <span class='ocr_line' id='line_1_6' title="bbox 189 1070 1285 1162; baseline 0.002 -22"><span class='ocrx_word' id='word_1_37' title='bbox 189 1075 237 1141; x_wconf 86' lang='lat' dir='ltr'><strong>vel</strong></span> <span class='ocrx_word' id='word_1_38' title='bbox 259 1070 415 1142; x_wconf 79' lang='grc' dir='ltr'><strong><em>ἐνδιδόναι</em></strong></span> <span class='ocrx_word' id='word_1_39' title='bbox 439 1077 596 1160; x_wconf 88' lang='lat' dir='ltr'><strong>usurpari:</strong></span> <span class='ocrx_word' id='word_1_40' title='bbox 618 1079 795 1161; x_wconf 88' lang='lat' dir='ltr'><strong>saepissime</strong></span> <span class='ocrx_word' id='word_1_41' title='bbox 819 1081 864 1144; x_wconf 91' lang='lat' dir='ltr'><strong>sic</strong></span> <span class='ocrx_word' id='word_1_42' title='bbox 889 1079 1028 1162; x_wconf 89' lang='lat' dir='ltr'><strong>loquitur</strong></span> <span class='ocrx_word' id='word_1_43' title='bbox 1043 1077 1253 1144; x_wconf 86' lang='lat' dir='ltr'><strong>Philostratus</strong></span> <span class='ocrx_word' id='word_1_44' title='bbox 1261 1076 1285 1161; x_wconf 85' lang='lat'><strong>¹)</strong></span> 
     </span>
     <span class='ocr_line' id='line_1_7' title="bbox 189 1184 1283 1271; baseline 0.001 -20"><span class='ocrx_word' id='word_1_45' title='bbox 189 1184 304 1269; x_wconf 86' lang='lat' dir='ltr'><strong>aliique</strong></span> <span class='ocrx_word' id='word_1_46' title='bbox 326 1185 499 1268; x_wconf 78' lang='lat' dir='ltr'><strong>postremae</strong></span> <span class='ocrx_word' id='word_1_47' title='bbox 518 1185 631 1251; x_wconf 89' lang='lat' dir='ltr'><strong>aetatis</strong></span> <span class='ocrx_word' id='word_1_48' title='bbox 655 1189 805 1254; x_wconf 86' lang='lat' dir='ltr'><strong>auctores.</strong></span> <span class='ocrx_word' id='word_1_49' title='bbox 850 1188 959 1253; x_wconf 90' lang='lat' dir='ltr'><strong>Versui</strong></span> <span class='ocrx_word' id='word_1_50' title='bbox 981 1190 1021 1252; x_wconf 85' lang='lat'><strong>22</strong></span> <span class='ocrx_word' id='word_1_51' title='bbox 1049 1206 1172 1271; x_wconf 89' lang='lat' dir='ltr'><strong>prorsus</strong></span> <span class='ocrx_word' id='word_1_52' title='bbox 1201 1188 1283 1252; x_wconf 90' lang='lat' dir='ltr'><strong>idem</strong></span> 
     </span>
     <span class='ocr_line' id='line_1_8' title="bbox 189 1283 1285 1379; baseline 0.001 -22"><span class='ocrx_word' id='word_1_53' title='bbox 189 1312 304 1358; x_wconf 85' lang='lat' dir='ltr'><strong>naevus</strong></span> <span class='ocrx_word' id='word_1_54' title='bbox 335 1293 485 1376; x_wconf 74' lang='lat' dir='ltr'><strong>inhaeret,</strong></span> <span class='ocrx_word' id='word_1_55' title='bbox 518 1293 571 1377; x_wconf 88' lang='lat' dir='ltr'><strong>qui</strong></span> <span class='ocrx_word' id='word_1_56' title='bbox 602 1294 686 1361; x_wconf 92' lang='lat' dir='ltr'><strong>lonis</strong></span> <span class='ocrx_word' id='word_1_57' title='bbox 716 1297 825 1371; x_wconf 81' lang='lat' dir='ltr'>v.16;</span> <span class='ocrx_word' id='word_1_58' title='bbox 859 1283 1016 1379; x_wconf 89' lang='lat' dir='ltr'><strong>praeterea</strong></span> <span class='ocrx_word' id='word_1_59' title='bbox 1046 1296 1180 1362; x_wconf 88' lang='lat' dir='ltr'><strong>absurda</strong></span> <span class='ocrx_word' id='word_1_60' title='bbox 1212 1295 1285 1360; x_wconf 91' lang='lat' dir='ltr'><strong>sunt</strong></span> 
     </span>
     <span class='ocr_line' id='line_1_9' title="bbox 189 1397 1286 1488; baseline 0.001 -22"><span class='ocrx_word' id='word_1_61' title='bbox 189 1402 280 1467; x_wconf 88' lang='lat' dir='ltr'><strong>verba</strong></span> <span class='ocrx_word' id='word_1_62' title='bbox 295 1404 359 1466; x_wconf 78' lang='grc' dir='ltr'><strong>τοῦ</strong></span> <span class='ocrx_word' id='word_1_63' title='bbox 370 1402 457 1466; x_wconf 75' lang='grc' dir='ltr'><strong>θεοῦ</strong></span> <span class='ocrx_word' id='word_1_64' title='bbox 473 1425 510 1467; x_wconf 80' lang='grc' dir='ltr'><strong>τι</strong></span> <span class='ocrx_word' id='word_1_65' title='bbox 524 1399 585 1486; x_wconf 79' lang='grc' dir='ltr'><strong>τήν</strong></span> <span class='ocrx_word' id='word_1_66' title='bbox 598 1397 702 1486; x_wconf 72' lang='lat' dir='ltr'><strong>prices,</strong></span> <span class='ocrx_word' id='word_1_67' title='bbox 725 1406 873 1488; x_wconf 87' lang='lat' dir='ltr'><strong>quoniam</strong></span> <span class='ocrx_word' id='word_1_68' title='bbox 894 1404 988 1470; x_wconf 87' lang='lat' dir='ltr'><strong>Laius</strong></span> <span class='ocrx_word' id='word_1_69' title='bbox 1009 1405 1103 1471; x_wconf 90' lang='lat' dir='ltr'><strong>etiam</strong></span> <span class='ocrx_word' id='word_1_70' title='bbox 1124 1405 1198 1471; x_wconf 85' lang='lat' dir='ltr'><strong>anta</strong></span> <span class='ocrx_word' id='word_1_71' title='bbox 1212 1421 1286 1468; x_wconf 91' lang='lat' dir='ltr'><strong>oon·</strong></span> 
     </span>
     <span class='ocr_line' id='line_1_10' title="bbox 188 1509 1285 1597; baseline 0.002 -22"><span class='ocrx_word' id='word_1_72' title='bbox 188 1509 328 1576; x_wconf 88' lang='lat' dir='ltr'><strong>cubitum</strong></span> <span class='ocrx_word' id='word_1_73' title='bbox 348 1511 503 1593; x_wconf 83' lang='lat' dir='ltr'><strong>Apollinis</strong></span> <span class='ocrx_word' id='word_1_74' title='bbox 525 1513 687 1578; x_wconf 88' lang='lat' dir='ltr'><strong>oraculum</strong></span> <span class='ocrx_word' id='word_1_75' title='bbox 709 1515 802 1596; x_wconf 91' lang='lat' dir='ltr'><strong>probe</strong></span> <span class='ocrx_word' id='word_1_76' title='bbox 822 1514 919 1580; x_wconf 88' lang='lat' dir='ltr'><strong>novit.</strong></span> <span class='ocrx_word' id='word_1_77' title='bbox 956 1514 1096 1597; x_wconf 81' lang='lat' dir='ltr'><strong>Apparet</strong></span> <span class='ocrx_word' id='word_1_78' title='bbox 1110 1513 1209 1596; x_wconf 89' lang='lat' dir='ltr'><strong>igitur</strong></span> <span class='ocrx_word' id='word_1_79' title='bbox 1224 1529 1285 1578; x_wconf 89' lang='lat' dir='ltr'><strong>non</strong></span> 
     </span>
     <span class='ocr_line' id='line_1_11' title="bbox 189 1619 1285 1705; baseline 0.002 -21"><span class='ocrx_word' id='word_1_80' title='bbox 189 1635 250 1686; x_wconf 90' lang='lat' dir='ltr'><strong>nno</strong></span> <span class='ocrx_word' id='word_1_81' title='bbox 274 1619 406 1704; x_wconf 87' lang='lat' dir='ltr'><strong>vestigio</strong></span> <span class='ocrx_word' id='word_1_82' title='bbox 428 1639 533 1686; x_wconf 82' lang='lat' dir='ltr'><strong>versus</strong></span> <span class='ocrx_word' id='word_1_83' title='bbox 555 1621 747 1705; x_wconf 78' lang='lat' dir='ltr'><strong>Euripidem,</strong></span> <span class='ocrx_word' id='word_1_84' title='bbox 770 1624 823 1705; x_wconf 89' lang='lat' dir='ltr'><strong>qui</strong></span> <span class='ocrx_word' id='word_1_85' title='bbox 845 1624 919 1688; x_wconf 91' lang='lat' dir='ltr'><strong>olim</strong></span> <span class='ocrx_word' id='word_1_86' title='bbox 943 1623 1025 1689; x_wconf 88' lang='lat' dir='ltr'><strong>hunc</strong></span> <span class='ocrx_word' id='word_1_87' title='bbox 1048 1623 1148 1688; x_wconf 88' lang='lat' dir='ltr'><strong>locum</strong></span> <span class='ocrx_word' id='word_1_88' title='bbox 1166 1623 1285 1690; x_wconf 92' lang='lat' dir='ltr'><strong>obtine·</strong></span> 
     </span>
     <span class='ocr_line' id='line_1_12' title="bbox 189 1729 1286 1816; baseline 0.002 -22"><span class='ocrx_word' id='word_1_89' title='bbox 189 1729 274 1806; x_wconf 80' lang='lat' dir='ltr'><strong>bant,</strong></span> <span class='ocrx_word' id='word_1_90' title='bbox 298 1729 464 1811; x_wconf 87' lang='lat' dir='ltr'><strong>posteriore</strong></span> <span class='ocrx_word' id='word_1_91' title='bbox 485 1733 624 1814; x_wconf 86' lang='lat' dir='ltr'><strong>tempore</strong></span> <span class='ocrx_word' id='word_1_92' title='bbox 644 1733 830 1798; x_wconf 88' lang='lat' dir='ltr'><strong>retractatos</strong></span> <span class='ocrx_word' id='word_1_93' title='bbox 851 1734 882 1797; x_wconf 88' lang='lat' dir='ltr'><strong>et</strong></span> <span class='ocrx_word' id='word_1_94' title='bbox 896 1733 1098 1816; x_wconf 90' lang='lat' dir='ltr'><strong>interpolatos</strong></span> <span class='ocrx_word' id='word_1_95' title='bbox 1116 1749 1188 1798; x_wconf 87' lang='lat' dir='ltr'><strong>esso.</strong></span> <span class='ocrx_word' id='word_1_96' title='bbox 1225 1731 1286 1796; x_wconf 86' lang='lat' dir='ltr'><strong>Ge·</strong></span> 
     </span>
     <span class='ocr_line' id='line_1_13' title="bbox 190 1837 1285 1923; baseline 0.001 -21"><span class='ocrx_word' id='word_1_97' title='bbox 190 1837 285 1904; x_wconf 86' lang='lat' dir='ltr'><strong>onina</strong></span> <span class='ocrx_word' id='word_1_98' title='bbox 306 1843 411 1904; x_wconf 88' lang='lat' dir='ltr'><strong>autam</strong></span> <span class='ocrx_word' id='word_1_99' title='bbox 432 1839 539 1922; x_wconf 86' lang='lat' dir='ltr'><strong>aliqua</strong></span> <span class='ocrx_word' id='word_1_100' title='bbox 562 1859 632 1906; x_wconf 90' lang='lat' dir='ltr'><strong>cum</strong></span> <span class='ocrx_word' id='word_1_101' title='bbox 656 1841 875 1923; x_wconf 82' lang='lat' dir='ltr'><strong>probabilitate</strong></span> <span class='ocrx_word' id='word_1_102' title='bbox 897 1843 1060 1908; x_wconf 88' lang='lat' dir='ltr'><strong>restituere</strong></span> <span class='ocrx_word' id='word_1_103' title='bbox 1087 1859 1185 1922; x_wconf 87' lang='lat' dir='ltr'><strong>nequa</strong></span> <span class='ocrx_word' id='word_1_104' title='bbox 1207 1839 1285 1904; x_wconf 86' lang='lat' dir='ltr'><strong>milri</strong></span> 
     </span>
     <span class='ocr_line' id='line_1_14' title="bbox 191 1947 1056 2034; baseline 0.005 -22"><span class='ocrx_word' id='word_1_105' title='bbox 191 1947 326 2031; x_wconf 87' lang='lat' dir='ltr'><strong>contigit</strong></span> <span class='ocrx_word' id='word_1_106' title='bbox 348 1967 446 2032; x_wconf 87' lang='lat' dir='ltr'><strong>neque</strong></span> <span class='ocrx_word' id='word_1_107' title='bbox 469 1949 614 2032; x_wconf 88' lang='lat' dir='ltr'><strong>cuiquam</strong></span> <span class='ocrx_word' id='word_1_108' title='bbox 638 1950 704 2016; x_wconf 85' lang='lat' dir='ltr'><strong>fore</strong></span> <span class='ocrx_word' id='word_1_109' title='bbox 729 1954 765 2015; x_wconf 89' lang='lat' dir='ltr'><strong>ut</strong></span> <span class='ocrx_word' id='word_1_110' title='bbox 786 1951 950 2034; x_wconf 88' lang='lat' dir='ltr'><strong>contingat</strong></span> <span class='ocrx_word' id='word_1_111' title='bbox 970 1951 1056 2033; x_wconf 91' lang='lat' dir='ltr'><strong>puto.</strong></span> 
     </span>
    </p>
   </div>
   <div class='ocr_carea' id='block_1_3' title="bbox 491 2131 990 2219">
    <p class='ocr_par' dir='ltr' id='par_1_3' title="bbox 491 2131 990 2219">
     <span class='ocr_line' id='line_1_15' title="bbox 491 2131 990 2219; baseline 0.004 -22"><span class='ocrx_word' id='word_1_112' title='bbox 491 2133 539 2197; x_wconf 89' lang='lat'><strong>15.</strong></span> <span class='ocrx_word' id='word_1_113' title='bbox 582 2131 633 2197; x_wconf 87' lang='lat' dir='ltr'><strong>De</strong></span> <span class='ocrx_word' id='word_1_114' title='bbox 654 2133 801 2200; x_wconf 86' lang='lat' dir='ltr'><strong>Orestis</strong></span> <span class='ocrx_word' id='word_1_115' title='bbox 823 2135 990 2219; x_wconf 89' lang='lat' dir='ltr'><strong>prologo.</strong></span> 
     </span>
    </p>
   </div>
   <div class='ocr_carea' id='block_1_4' title="bbox 114 2265 1374 3983">
    <p class='ocr_par' dir='ltr' id='par_1_4' title="bbox 114 2265 1374 3983">
     <span class='ocr_line' id='line_1_16' title="bbox 289 2265 1287 2351; baseline 0.001 -20"><span class='ocrx_word' id='word_1_116' title='bbox 289 2265 357 2332; x_wconf 88' lang='lat' dir='ltr'><strong>Etsi</strong></span> <span class='ocrx_word' id='word_1_117' title='bbox 378 2267 495 2333; x_wconf 87' lang='lat' dir='ltr'><strong>Orestis</strong></span> <span class='ocrx_word' id='word_1_118' title='bbox 516 2267 624 2333; x_wconf 85' lang='lat' dir='ltr'><strong>fabula</strong></span> <span class='ocrx_word' id='word_1_119' title='bbox 647 2286 708 2333; x_wconf 92' lang='lat' dir='ltr'><strong>non</strong></span> <span class='ocrx_word' id='word_1_120' title='bbox 732 2269 869 2334; x_wconf 75' lang='lat' dir='ltr'><strong>actiones</strong></span> <span class='ocrx_word' id='word_1_121' title='bbox 897 2266 1114 2351; x_wconf 86' lang='lat' dir='ltr'><strong>complectitur</strong></span> <span class='ocrx_word' id='word_1_122' title='bbox 1143 2269 1209 2334; x_wconf 90' lang='lat' dir='ltr'><strong>tam</strong></span> <span class='ocrx_word' id='word_1_123' title='bbox 1238 2266 1287 2332; x_wconf 88' lang='lat' dir='ltr'><strong>di-</strong></span> 
     </span>
     <span class='ocr_line' id='line_1_17' title="bbox 192 2376 1285 2460; baseline 0.002 -22"><span class='ocrx_word' id='word_1_124' title='bbox 192 2391 293 2442; x_wconf 79' lang='lat' dir='ltr'><strong>versas</strong></span> <span class='ocrx_word' id='word_1_125' title='bbox 323 2394 416 2458; x_wconf 88' lang='lat' dir='ltr'><strong>qnam</strong></span> <span class='ocrx_word' id='word_1_126' title='bbox 441 2376 580 2455; x_wconf 80' lang='lat' dir='ltr'><strong>Hecuba,</strong></span> <span class='ocrx_word' id='word_1_127' title='bbox 610 2378 716 2444; x_wconf 91' lang='lat' dir='ltr'><strong>tamen</strong></span> <span class='ocrx_word' id='word_1_128' title='bbox 746 2378 966 2460; x_wconf 83' lang='lat' dir='ltr'><strong>argumentum</strong></span> <span class='ocrx_word' id='word_1_129' title='bbox 997 2379 1062 2444; x_wconf 87' lang='lat' dir='ltr'><strong>aius</strong></span> <span class='ocrx_word' id='word_1_130' title='bbox 1093 2377 1154 2443; x_wconf 90' lang='lat' dir='ltr'><strong>duo</strong></span> <span class='ocrx_word' id='word_1_131' title='bbox 1182 2376 1285 2459; x_wconf 87' lang='lat' dir='ltr'><strong>capita</strong></span> 
     </span>
     <span class='ocr_line' id='line_1_18' title="bbox 190 2483 1284 2568; baseline 0.001 -20"><span class='ocrx_word' id='word_1_132' title='bbox 190 2483 301 2550; x_wconf 91' lang='lat' dir='ltr'><strong>habere</strong></span> <span class='ocrx_word' id='word_1_133' title='bbox 321 2485 404 2549; x_wconf 88' lang='lat' dir='ltr'><strong>reate</strong></span> <span class='ocrx_word' id='word_1_134' title='bbox 426 2487 578 2568; x_wconf 81' lang='lat' dir='ltr'><strong>perspexit</strong></span> <span class='ocrx_word' id='word_1_135' title='bbox 599 2485 798 2550; x_wconf 86' lang='lat' dir='ltr'><strong>Hermannus</strong></span> <span class='ocrx_word' id='word_1_136' title='bbox 819 2484 914 2566; x_wconf 85' lang='lat' dir='ltr'><strong>praef.</strong></span> <span class='ocrx_word' id='word_1_137' title='bbox 929 2484 983 2550; x_wconf 90' lang='lat' dir='ltr'><strong>Or.</strong></span> <span class='ocrx_word' id='word_1_138' title='bbox 1003 2505 1032 2568; x_wconf 93' lang='lat' dir='ltr'><strong>p.</strong></span> <span class='ocrx_word' id='word_1_139' title='bbox 1050 2486 1101 2552; x_wconf 91' lang='lat' dir='ltr'><strong>Vl.</strong></span> <span class='ocrx_word' id='word_1_140' title='bbox 1150 2486 1203 2550; x_wconf 84' lang='lat' dir='ltr'><strong>An</strong></span> <span class='ocrx_word' id='word_1_141' title='bbox 1223 2503 1284 2550; x_wconf 94' lang='lat' dir='ltr'><strong>non</strong></span> 
     </span>
     <span class='ocr_line' id='line_1_19' title="bbox 192 2593 1284 2677; baseline 0.002 -21"><span class='ocrx_word' id='word_1_142' title='bbox 192 2593 357 2658; x_wconf 83' lang='lat' dir='ltr'><strong>existumas</strong></span> <span class='ocrx_word' id='word_1_143' title='bbox 377 2594 454 2660; x_wconf 87' lang='lat' dir='ltr'><strong>satie</strong></span> <span class='ocrx_word' id='word_1_144' title='bbox 480 2593 620 2658; x_wconf 87' lang='lat' dir='ltr'><strong>futnmm</strong></span> <span class='ocrx_word' id='word_1_145' title='bbox 645 2593 740 2658; x_wconf 82' lang='lat' dir='ltr'><strong>fuisse</strong></span> <span class='ocrx_word' id='word_1_146' title='bbox 761 2593 819 2660; x_wconf 89' lang='lat' dir='ltr'><strong>hoo</strong></span> <span class='ocrx_word' id='word_1_147' title='bbox 840 2594 1059 2677; x_wconf 86' lang='lat' dir='ltr'><strong>argumentum</strong></span> <span class='ocrx_word' id='word_1_148' title='bbox 1085 2595 1125 2660; x_wconf 91' lang='lat' dir='ltr'><strong>ad</strong></span> <span class='ocrx_word' id='word_1_149' title='bbox 1145 2593 1284 2660; x_wconf 85' lang='lat' dir='ltr'><strong>fabulam</strong></span> 
     </span>
     <span class='ocr_line' id='line_1_20' title="bbox 192 2698 1284 2787; baseline 0.004 -23"><span class='ocrx_word' id='word_1_150' title='bbox 192 2698 431 2767; x_wconf 88' lang='lat' dir='ltr'><strong>instituendam:</strong></span> <span class='ocrx_word' id='word_1_151' title='bbox 473 2702 595 2769; x_wconf 87' lang='lat' dir='ltr'><strong>Orestes</strong></span> <span class='ocrx_word' id='word_1_152' title='bbox 622 2703 653 2768; x_wconf 90' lang='lat' dir='ltr'><strong>et</strong></span> <span class='ocrx_word' id='word_1_153' title='bbox 675 2701 798 2768; x_wconf 79' lang='lat' dir='ltr'><strong>Electra</strong></span> <span class='ocrx_word' id='word_1_154' title='bbox 823 2705 947 2787; x_wconf 89' lang='lat' dir='ltr'><strong>propter</strong></span> <span class='ocrx_word' id='word_1_155' title='bbox 976 2722 1081 2770; x_wconf 89' lang='lat' dir='ltr'><strong>necem</strong></span> <span class='ocrx_word' id='word_1_156' title='bbox 1110 2703 1284 2768; x_wconf 85' lang='lat' dir='ltr'><strong>maternam</strong></span> 
     </span>
     <span class='ocr_line' id='line_1_21' title="bbox 193 2809 1286 2897; baseline 0.002 -23"><span class='ocrx_word' id='word_1_157' title='bbox 193 2809 302 2891; x_wconf 87' lang='lat' dir='ltr'><strong>capitis</strong></span> <span class='ocrx_word' id='word_1_158' title='bbox 324 2810 526 2886; x_wconf 66' lang='lat' dir='ltr'><strong>damnantem</strong></span> <span class='ocrx_word' id='word_1_159' title='bbox 563 2812 626 2876; x_wconf 89' lang='lat' dir='ltr'><strong>iam</strong></span> <span class='ocrx_word' id='word_1_160' title='bbox 648 2810 681 2874; x_wconf 91' lang='lat' dir='ltr'><strong>in</strong></span> <span class='ocrx_word' id='word_1_161' title='bbox 703 2830 738 2876; x_wconf 92' lang='lat' dir='ltr'><strong>eo</strong></span> <span class='ocrx_word' id='word_1_162' title='bbox 759 2813 842 2890; x_wconf 85' lang='lat' dir='ltr'><strong>sunt,</strong></span> <span class='ocrx_word' id='word_1_163' title='bbox 876 2813 911 2878; x_wconf 90' lang='lat' dir='ltr'><strong>ut</strong></span> <span class='ocrx_word' id='word_1_164' title='bbox 938 2813 1123 2897; x_wconf 87' lang='lat' dir='ltr'><strong>suppliciam</strong></span> <span class='ocrx_word' id='word_1_165' title='bbox 1146 2811 1286 2888; x_wconf 80' lang='lat' dir='ltr'><strong>subeant,</strong></span> 
     </span>
     <span class='ocr_line' id='line_1_22' title="bbox 192 2919 1288 3002; baseline 0.001 -19"><span class='ocrx_word' id='word_1_166' title='bbox 192 2935 260 2983; x_wconf 90' lang='lat' dir='ltr'><strong>cum</strong></span> <span class='ocrx_word' id='word_1_167' title='bbox 282 2937 334 3002; x_wconf 93' lang='lat' dir='ltr'><strong>par</strong></span> <span class='ocrx_word' id='word_1_168' title='bbox 356 2919 532 2985; x_wconf 88' lang='lat' dir='ltr'><strong>Menelaum</strong></span> <span class='ocrx_word' id='word_1_169' title='bbox 554 2919 656 2986; x_wconf 89' lang='lat' dir='ltr'><strong>subito</strong></span> <span class='ocrx_word' id='word_1_170' title='bbox 681 2919 894 2986; x_wconf 84' lang='lat' dir='ltr'><strong>advenientem</strong></span> <span class='ocrx_word' id='word_1_171' title='bbox 917 2920 1098 2988; x_wconf 88' lang='lat' dir='ltr'><strong>liberantur.</strong></span> <span class='ocrx_word' id='word_1_172' title='bbox 1127 2922 1173 2986; x_wconf 81' lang='lat' dir='ltr'><strong>nt</strong></span> <span class='ocrx_word' id='word_1_173' title='bbox 1186 2919 1288 2985; x_wconf 86' lang='lat' dir='ltr'><strong>voluit</strong></span> 
     </span>
     <span class='ocr_line' id='line_1_23' title="bbox 191 3027 1287 3114; baseline 0.001 -22"><span class='ocrx_word' id='word_1_174' title='bbox 191 3027 355 3112; x_wconf 88' lang='lat' dir='ltr'><strong>Euripides</strong></span> <span class='ocrx_word' id='word_1_175' title='bbox 379 3029 502 3095; x_wconf 80' lang='lat' dir='ltr'><strong>fabulae</strong></span> <span class='ocrx_word' id='word_1_176' title='bbox 513 3029 734 3113; x_wconf 85' lang='lat' dir='ltr'><strong>argumentum</strong></span> <span class='ocrx_word' id='word_1_177' title='bbox 749 3049 877 3114; x_wconf 87' lang='lat' dir='ltr'><strong>augere;</strong></span> <span class='ocrx_word' id='word_1_178' title='bbox 898 3031 1005 3114; x_wconf 88' lang='lat' dir='ltr'><strong>itaque</strong></span> <span class='ocrx_word' id='word_1_179' title='bbox 1022 3030 1097 3097; x_wconf 86' lang='lat' dir='ltr'><strong>lacit</strong></span> <span class='ocrx_word' id='word_1_180' title='bbox 1113 3028 1287 3094; x_wconf 87' lang='lat' dir='ltr'><strong>Menelaum</strong></span> 
     </span>
     <span class='ocr_line' id='line_1_24' title="bbox 114 3137 1288 3222; baseline 0.001 -20"><span class='ocrx_word' id='word_1_181' title='bbox 114 3157 119 3166; x_wconf 90' lang='lat'><strong>·</strong></span> <span class='ocrx_word' id='word_1_182' title='bbox 190 3137 414 3218; x_wconf 84' lang='lat' dir='ltr'><strong>advenientem,</strong></span> <span class='ocrx_word' id='word_1_183' title='bbox 437 3139 605 3222; x_wconf 88' lang='lat' dir='ltr'><strong>antequam</strong></span> <span class='ocrx_word' id='word_1_184' title='bbox 618 3137 741 3204; x_wconf 87' lang='lat' dir='ltr'><strong>Orestes</strong></span> <span class='ocrx_word' id='word_1_185' title='bbox 760 3141 791 3204; x_wconf 92' lang='lat' dir='ltr'><strong>et</strong></span> <span class='ocrx_word' id='word_1_186' title='bbox 812 3139 936 3205; x_wconf 78' lang='lat' dir='ltr'><strong>Electra</strong></span> <span class='ocrx_word' id='word_1_187' title='bbox 958 3138 1160 3205; x_wconf 88' lang='lat' dir='ltr'><strong>damnentur:</strong></span> <span class='ocrx_word' id='word_1_188' title='bbox 1180 3138 1230 3204; x_wconf 94' lang='lat' dir='ltr'><strong>illi</strong></span> <span class='ocrx_word' id='word_1_189' title='bbox 1248 3138 1288 3204; x_wconf 91' lang='lat' dir='ltr'><strong>ab</strong></span> 
     </span>
     <span class='ocr_line' id='line_1_25' title="bbox 190 3247 1286 3332; baseline 0 -20"><span class='ocrx_word' id='word_1_190' title='bbox 190 3265 225 3312; x_wconf 89' lang='lat' dir='ltr'><strong>co</strong></span> <span class='ocrx_word' id='word_1_191' title='bbox 247 3247 399 3312; x_wconf 85' lang='lat' dir='ltr'><strong>auxilium</strong></span> <span class='ocrx_word' id='word_1_192' title='bbox 420 3249 549 3332; x_wconf 87' lang='lat' dir='ltr'><strong>petunt;</strong></span> <span class='ocrx_word' id='word_1_193' title='bbox 570 3248 635 3313; x_wconf 89' lang='lat' dir='ltr'><strong>iam</strong></span> <span class='ocrx_word' id='word_1_194' title='bbox 649 3247 809 3314; x_wconf 88' lang='lat' dir='ltr'><strong>Menelaus</strong></span> <span class='ocrx_word' id='word_1_195' title='bbox 823 3249 982 3331; x_wconf 87' lang='lat' dir='ltr'><strong>praestare</strong></span> <span class='ocrx_word' id='word_1_196' title='bbox 996 3248 1123 3332; x_wconf 90' lang='lat' dir='ltr'><strong>paratus</strong></span> <span class='ocrx_word' id='word_1_197' title='bbox 1137 3249 1193 3326; x_wconf 87' lang='lat' dir='ltr'><strong>est,</strong></span> <span class='ocrx_word' id='word_1_198' title='bbox 1216 3266 1286 3312; x_wconf 89' lang='lat' dir='ltr'><strong>eum</strong></span> 
     </span>
     <span class='ocr_line' id='line_1_26' title="bbox 192 3352 1374 3440; baseline -0.001 -20"><span class='ocrx_word' id='word_1_199' title='bbox 192 3352 362 3440; x_wconf 77' lang='lat' dir='ltr'><strong>[Tyndarei</strong></span> <span class='ocrx_word' id='word_1_200' title='bbox 376 3357 479 3423; x_wconf 83' lang='lat' dir='ltr'><strong>verbis</strong></span> <span class='ocrx_word' id='word_1_201' title='bbox 493 3359 610 3432; x_wconf 86' lang='lat' dir='ltr'><strong>motus]</strong></span> <span class='ocrx_word' id='word_1_202' title='bbox 633 3357 797 3422; x_wconf 88' lang='lat' dir='ltr'><strong>consilium</strong></span> <span class='ocrx_word' id='word_1_203' title='bbox 819 3375 912 3421; x_wconf 90' lang='lat' dir='ltr'><strong>suum</strong></span> <span class='ocrx_word' id='word_1_204' title='bbox 933 3357 1048 3422; x_wconf 86' lang='lat' dir='ltr'><strong>mutat.</strong></span> <span class='ocrx_word' id='word_1_205' title='bbox 1089 3356 1289 3422; x_wconf 87' lang='lat' dir='ltr'><strong>Damnantnr</strong></span> <span class='ocrx_word' id='word_1_206' title='bbox 1369 3359 1374 3368; x_wconf 91' lang='lat'>&#39;</span> 
     </span>
     <span class='ocr_line' id='line_1_27' title="bbox 192 3461 1288 3544; baseline 0 -16"><span class='ocrx_word' id='word_1_207' title='bbox 192 3463 391 3544; x_wconf 65' lang='lat' dir='ltr'><strong>matricidam</strong></span> <span class='ocrx_word' id='word_1_208' title='bbox 414 3463 467 3529; x_wconf 93' lang='lat' dir='ltr'><strong>sed</strong></span> <span class='ocrx_word' id='word_1_209' title='bbox 489 3465 525 3528; x_wconf 91' lang='lat' dir='ltr'><strong>ut</strong></span> <span class='ocrx_word' id='word_1_210' title='bbox 545 3463 737 3528; x_wconf 89' lang='lat' dir='ltr'><strong>ulciscantur</strong></span> <span class='ocrx_word' id='word_1_211' title='bbox 760 3462 945 3542; x_wconf 88' lang='lat' dir='ltr'><strong>Menelaum,</strong></span> <span class='ocrx_word' id='word_1_212' title='bbox 968 3462 1118 3529; x_wconf 90' lang='lat' dir='ltr'><strong>Helenam</strong></span> <span class='ocrx_word' id='word_1_213' title='bbox 1144 3464 1188 3540; x_wconf 96' lang='lat' dir='ltr'><strong>[et</strong></span> <span class='ocrx_word' id='word_1_214' title='bbox 1208 3461 1288 3528; x_wconf 86' lang='lat' dir='ltr'><strong>Her·</strong></span> 
     </span>
     <span class='ocr_line' id='line_1_28' title="bbox 192 3571 1286 3656; baseline -0.001 -20"><span class='ocrx_word' id='word_1_215' title='bbox 192 3571 343 3656; x_wconf 89' lang='lat' dir='ltr'><strong>mionam]</strong></span> <span class='ocrx_word' id='word_1_216' title='bbox 359 3571 530 3637; x_wconf 85' lang='lat' dir='ltr'><strong>interficere</strong></span> <span class='ocrx_word' id='word_1_217' title='bbox 545 3571 750 3638; x_wconf 88' lang='lat' dir='ltr'><strong>constituunt.</strong></span> <span class='ocrx_word' id='word_1_218' title='bbox 782 3571 895 3656; x_wconf 79' lang='lat' dir='ltr'><strong>Apollo</strong></span> <span class='ocrx_word' id='word_1_219' title='bbox 911 3573 1015 3637; x_wconf 90' lang='lat' dir='ltr'><strong>autern</strong></span> <span class='ocrx_word' id='word_1_220' title='bbox 1037 3571 1167 3636; x_wconf 90' lang='lat' dir='ltr'><strong>insidias</strong></span> <span class='ocrx_word' id='word_1_221' title='bbox 1181 3589 1286 3636; x_wconf 86' lang='lat' dir='ltr'><strong>eorum</strong></span> 
     </span>
     <span class='ocr_line' id='line_1_29' title="bbox 190 3679 1287 3764; baseline 0 -20"><span class='ocrx_word' id='word_1_222' title='bbox 190 3681 296 3746; x_wconf 91' lang='lat' dir='ltr'><strong>irritas</strong></span> <span class='ocrx_word' id='word_1_223' title='bbox 317 3680 404 3746; x_wconf 86' lang='lat' dir='ltr'><strong>facit.</strong></span> <span class='ocrx_word' id='word_1_224' title='bbox 448 3681 492 3746; x_wconf 87' lang='lat' dir='ltr'><strong>Ex</strong></span> <span class='ocrx_word' id='word_1_225' title='bbox 514 3681 573 3746; x_wconf 88' lang='lat' dir='ltr'><strong>hac</strong></span> <span class='ocrx_word' id='word_1_226' title='bbox 594 3681 773 3764; x_wconf 88' lang='lat' dir='ltr'><strong>argumenti</strong></span> <span class='ocrx_word' id='word_1_227' title='bbox 795 3680 991 3748; x_wconf 87' lang='lat' dir='ltr'><strong>enarratione</strong></span> <span class='ocrx_word' id='word_1_228' title='bbox 1011 3679 1167 3764; x_wconf 83' lang='lat' dir='ltr'><strong>intellegis</strong></span> <span class='ocrx_word' id='word_1_229' title='bbox 1192 3699 1287 3763; x_wconf 89' lang='lat' dir='ltr'><strong>quam</strong></span> 
     </span>
     <span class='ocr_line' id='line_1_30' title="bbox 190 3787 1287 3872; baseline -0.001 -19"><span class='ocrx_word' id='word_1_230' title='bbox 190 3789 325 3872; x_wconf 88' lang='lat' dir='ltr'><strong>plurima</strong></span> <span class='ocrx_word' id='word_1_231' title='bbox 346 3789 480 3856; x_wconf 84' lang='lat' dir='ltr'><strong>voluisse</strong></span> <span class='ocrx_word' id='word_1_232' title='bbox 496 3788 674 3872; x_wconf 81' lang='lat' dir='ltr'><strong>Euripidem</strong></span> <span class='ocrx_word' id='word_1_233' title='bbox 697 3789 730 3852; x_wconf 92' lang='lat' dir='ltr'><strong>in</strong></span> <span class='ocrx_word' id='word_1_234' title='bbox 752 3789 833 3855; x_wconf 90' lang='lat' dir='ltr'><strong>hanc</strong></span> <span class='ocrx_word' id='word_1_235' title='bbox 848 3808 942 3855; x_wconf 90' lang='lat' dir='ltr'><strong>unam</strong></span> <span class='ocrx_word' id='word_1_236' title='bbox 958 3787 1098 3855; x_wconf 82' lang='lat' dir='ltr'><strong>fabulam</strong></span> <span class='ocrx_word' id='word_1_237' title='bbox 1115 3807 1287 3872; x_wconf 87' lang='lat' dir='ltr'><strong>congerere.</strong></span> 
     </span>
     <span class='ocr_line' id='line_1_31' title="bbox 190 3895 1288 3983; baseline 0 -19"><span class='ocrx_word' id='word_1_238' title='bbox 190 3895 252 3964; x_wconf 88' lang='lat' dir='ltr'><strong>Sed</strong></span> <span class='ocrx_word' id='word_1_239' title='bbox 275 3915 313 3963; x_wconf 91' lang='lat' dir='ltr'><strong>ne</strong></span> <span class='ocrx_word' id='word_1_240' title='bbox 334 3899 393 3964; x_wconf 91' lang='lat' dir='ltr'><strong>hoc</strong></span> <span class='ocrx_word' id='word_1_241' title='bbox 416 3901 543 3965; x_wconf 87' lang='lat' dir='ltr'><strong>auctum</strong></span> <span class='ocrx_word' id='word_1_242' title='bbox 563 3897 687 3982; x_wconf 89' lang='lat' dir='ltr'><strong>quidem</strong></span> <span class='ocrx_word' id='word_1_243' title='bbox 709 3899 929 3983; x_wconf 90' lang='lat' dir='ltr'><strong>argumentum</strong></span> <span class='ocrx_word' id='word_1_244' title='bbox 948 3897 975 3964; x_wconf 93' lang='lat' dir='ltr'><strong>ei</strong></span> <span class='ocrx_word' id='word_1_245' title='bbox 997 3897 1164 3975; x_wconf 85' lang='lat' dir='ltr'><strong>satisfecit;</strong></span> <span class='ocrx_word' id='word_1_246' title='bbox 1191 3915 1288 3964; x_wconf 88' lang='lat' dir='ltr'><strong>unum</strong></span> 
     </span>
    </p>
   </div>
   <div class='ocr_carea' id='block_1_5' title="bbox 190 4150 1285 4418">
    <p class='ocr_par' dir='ltr' id='par_1_5' title="bbox 190 4150 1285 4418">
     <span class='ocr_line' id='line_1_32' title="bbox 292 4150 1285 4224; baseline -0.002 -18"><span class='ocrx_word' id='word_1_247' title='bbox 292 4155 318 4220; x_wconf 87' lang='lat' dir='ltr'><strong>l)</strong></span> <span class='ocrx_word' id='word_1_248' title='bbox 337 4150 408 4207; x_wconf 84' lang='lat' dir='ltr'><strong>Vide</strong></span> <span class='ocrx_word' id='word_1_249' title='bbox 425 4151 642 4222; x_wconf 74' lang='lat' dir='ltr'><strong>exemplaque</strong></span> <span class='ocrx_word' id='word_1_250' title='bbox 662 4153 801 4224; x_wconf 68' lang='lat' dir='ltr'><strong>nongmit</strong></span> <span class='ocrx_word' id='word_1_251' title='bbox 819 4150 958 4210; x_wconf 80' lang='lat' dir='ltr'><strong>Olearim:</strong></span> <span class='ocrx_word' id='word_1_252' title='bbox 977 4151 1034 4208; x_wconf 85' lang='lat' dir='ltr'><strong>Vit.</strong></span> <span class='ocrx_word' id='word_1_253' title='bbox 1044 4152 1137 4222; x_wconf 76' lang='lat' dir='ltr'><strong>Apoll</strong></span> <span class='ocrx_word' id='word_1_254' title='bbox 1147 4151 1162 4206; x_wconf 93' lang='lat' dir='ltr'><strong>l</strong></span> <span class='ocrx_word' id='word_1_255' title='bbox 1174 4153 1190 4206; x_wconf 83' lang='grc'><strong>7</strong></span> <span class='ocrx_word' id='word_1_256' title='bbox 1201 4151 1285 4222; x_wconf 72' lang='grc' dir='ltr'><strong><em>(μδ).</em></strong></span> 
     </span>
     <span class='ocr_line' id='line_1_33' title="bbox 190 4245 1285 4322; baseline 0 -18"><span class='ocrx_word' id='word_1_257' title='bbox 190 4250 208 4304; x_wconf 89' lang='lat' dir='ltr'><strong>a</strong></span> <span class='ocrx_word' id='word_1_258' title='bbox 226 4249 265 4319; x_wconf 75' lang='lat' dir='ltr'><strong>(p.</strong></span> <span class='ocrx_word' id='word_1_259' title='bbox 288 4249 340 4318; x_wconf 89' lang='grc' dir='ltr'><strong>ιι).</strong></span> <span class='ocrx_word' id='word_1_260' title='bbox 372 4249 404 4304; x_wconf 78' lang='grc' dir='ltr'><strong>ιι</strong></span> <span class='ocrx_word' id='word_1_261' title='bbox 422 4249 461 4319; x_wconf 79' lang='lat' dir='ltr'><strong>(p.</strong></span> <span class='ocrx_word' id='word_1_262' title='bbox 480 4249 533 4320; x_wconf 87' lang='lat' dir='ltr'><strong>ar).</strong></span> <span class='ocrx_word' id='word_1_263' title='bbox 568 4249 595 4304; x_wconf 91' lang='lat'><strong>11</strong></span> <span class='ocrx_word' id='word_1_264' title='bbox 613 4251 630 4302; x_wconf 86' lang='lat' dir='ltr'><strong>a</strong></span> <span class='ocrx_word' id='word_1_265' title='bbox 648 4251 684 4322; x_wconf 80' lang='lat' dir='ltr'><strong>(p.</strong></span> <span class='ocrx_word' id='word_1_266' title='bbox 704 4250 758 4319; x_wconf 79' lang='lat' dir='ltr'><strong>ar).</strong></span> <span class='ocrx_word' id='word_1_267' title='bbox 789 4251 825 4304; x_wconf 86' lang='lat' dir='ltr'><strong>aa</strong></span> <span class='ocrx_word' id='word_1_268' title='bbox 844 4249 883 4320; x_wconf 78' lang='lat' dir='ltr'><strong>(p.</strong></span> <span class='ocrx_word' id='word_1_269' title='bbox 902 4251 956 4320; x_wconf 81' lang='lat' dir='ltr'><strong>ar).</strong></span> <span class='ocrx_word' id='word_1_270' title='bbox 983 4248 1008 4303; x_wconf 86' lang='lat' dir='ltr'>v</span> <span class='ocrx_word' id='word_1_271' title='bbox 1026 4251 1042 4302; x_wconf 83' lang='grc' dir='ltr'><strong><em>ι</em></strong></span> <span class='ocrx_word' id='word_1_272' title='bbox 1061 4249 1100 4318; x_wconf 71' lang='lat' dir='ltr'><strong>(p</strong></span> <span class='ocrx_word' id='word_1_273' title='bbox 1122 4248 1192 4319; x_wconf 83' lang='lat' dir='ltr'><strong>rao).</strong></span> <span class='ocrx_word' id='word_1_274' title='bbox 1229 4245 1285 4304; x_wconf 77' lang='lat' dir='ltr'><strong>vra</strong></span> 
     </span>
     <span class='ocr_line' id='line_1_34' title="bbox 190 4343 707 4418; baseline 0.004 -18"><span class='ocrx_word' id='word_1_275' title='bbox 190 4343 269 4416; x_wconf 72' lang='lat' dir='ltr'><strong>nepa</strong></span> <span class='ocrx_word' id='word_1_276' title='bbox 288 4343 301 4398; x_wconf 94' lang='lat'>1</span> <span class='ocrx_word' id='word_1_277' title='bbox 324 4348 356 4400; x_wconf 85' lang='lat' dir='ltr'><strong>ra</strong></span> <span class='ocrx_word' id='word_1_278' title='bbox 375 4346 414 4417; x_wconf 79' lang='lat' dir='ltr'><strong>(p.</strong></span> <span class='ocrx_word' id='word_1_279' title='bbox 433 4349 505 4416; x_wconf 83' lang='lat' dir='ltr'><strong>rso).</strong></span> <span class='ocrx_word' id='word_1_280' title='bbox 523 4347 559 4400; x_wconf 83' lang='lat' dir='ltr'><strong>an</strong></span> <span class='ocrx_word' id='word_1_281' title='bbox 576 4347 614 4418; x_wconf 75' lang='lat' dir='ltr'><strong>(p.</strong></span> <span class='ocrx_word' id='word_1_282' title='bbox 634 4351 707 4418; x_wconf 76' lang='lat' dir='ltr'><strong>ora).</strong></span> 
     </span>
    </p>
   </div>
   <div class='ocr_carea' id='block_1_6' title="bbox 0 0 1550 4960">
    <p class='ocr_par' dir='ltr' id='par_1_6' title="bbox 0 0 1550 4960">
     <span class='ocr_line' id='line_1_35' title="bbox 0 0 1550 4960; baseline 0 0"><span class='ocrx_word' id='word_1_283' title='bbox 0 0 1550 4960; x_wconf 95' lang='lat' dir='ltr'><strong> </strong></span> 
     </span>
    </p>
   </div>
  </div>
 </body>
</html>
