3080 4960
784 434 818 502 'et

256 612 398 684 Bacchus
419 617 501 702 quod
523 619 707 701 promiserat
729 639 757 684 v.
781 619 830 684 62.
852 619 902 700 63,
926 638 958 684 se
981 619 1020 684 ad
1044 617 1258 684 Cithaeronem
1283 617 1350 681 itu-

256 745 335 805 rum,
369 744 430 791 non
464 725 587 790 videtur
619 723 765 808 fecisse¹).
813 725 896 790 hlale
923 726 1026 791 autem
1056 727 1218 808 usurpavit
1246 727 1350 810 isqui

254 834 310 900 hos
341 853 446 902 uersus
479 835 603 917 scripsit
635 835 820 901 vocabulum
851 828 1019 917 πάρεδρος
1050 833 1088 900 de
1120 835 1159 900 iis
1188 836 1241 918 qui
1267 825 1351 903 'Bac-

255 945 347 1009 chum
377 943 581 1019 comitantum
617 943 676 1008 etsi
702 945 783 1008 enim
811 943 843 1008 in
868 945 979 1024 „socii“
1008 944 1165 1009 notionem
1192 963 1255 1009 uon
1278 961 1350 1011 raro

256 1053 343 1132 abiit,
366 1054 472 1119 tamen
493 1072 509 1118 e
530 1053 634 1118 radice
648 1055 734 1117 ΣΕΔ
750 1052 859 1117 fictum
884 1071 947 1119 esse
968 1071 1087 1136 semper
1103 1071 1252 1119 memores
1265 1054 1350 1120 fuere

256 1159 410 1244 crecere).
455 1163 563 1244 Neque
585 1161 662 1227 satis
683 1162 904 1245 intellegimus,
937 1162 1090 1244 quomodo
1110 1163 1258 1246 tympana
1280 1181 1351 1244 pos·

256 1271 320 1336 sint
342 1289 407 1337 esse
425 1266 514 1348 Ῥέας
533 1291 569 1334 τε
593 1265 716 1355 μητρός
736 1263 797 1352 ἐμά
817 1291 852 1334 τε
874 1269 1018 1354 (Bacchi)
1039 1264 1218 1355 εὑρήματα;
1246 1273 1350 1337 tamen

255 1377 314 1443 hoc
337 1377 469 1443 fortasse
490 1379 700 1458 toleraremus,
734 1378 793 1443 nisi
819 1377 924 1460 paullo
950 1379 1020 1461 post
1050 1379 1160 1443 tertius
1190 1381 1352 1461 appareret

255 1484 413 1551 inuentor:

456 1620 532 1684 120*
558 1603 586 1681 ὦ
607 1612 804 1701 θαλάμευμα
827 1611 954 1706 Κουρή·ι

558 1751 625 1792 των
645 1721 762 1810 ζάθεοί
784 1751 819 1792 τι·
844 1722 975 1817 Κρήτας

559 1835 787 1920 Διογενέτορες
810 1833 947 1918 ἔναυλοι,

558 1941 642 2012 ἔνθα
664 1940 860 2031 τρικόρυθες
881 1937 1010 2028 όντροις

556 2049 756 2142 βυρσότονον
777 2051 929 2138 κύκλωμα

453 2165 513 2228 125
555 2157 631 2227 τόδε
653 2185 710 2245 μοι
735 2156 981 2245 Κορύβαντες
1004 2154 1111 2250 ηὗρον.
1140 2204 1173 2214 -

351 2298 420 2362 Iam
442 2296 536 2362 habes
554 2296 747 2361 Baccharum
762 2297 924 2380 prologum
939 2298 1228 2382 interpolationibus
1238 2320 1353 2384 purga-

256 2407 323 2472 tum
340 2406 370 2470 et
391 2405 438 2470 ita
460 2403 684 2488 comparatum,
707 2406 741 2469 ut
757 2404 857 2470 voluit
872 2425 935 2471 esse
950 2406 1127 2491 Euripidem
1150 2408 1254 2474 omnia
1269 2411 1353 2475 certe

256 2515 404 2595 continet,
438 2533 517 2596 quae
538 2514 764 2596 spectatoribus
788 2514 827 2580 ad
849 2508 987 2581 fabulam
1009 2517 1249 2600 intellegendam
1270 2518 1353 2584 scitu

255 2626 328 2689 sunt
349 2624 528 2691 necessarie.
567 2625 684 2690 Tamen
706 2625 801 2690 libere
823 2625 969 2690 confiteor
993 2645 1088 2690 unum
1109 2645 1173 2692 esee
1193 2626 1295 2693 locum
1317 2628 1350 2691 in

258 2754 318 2818 quo
338 2734 416 2801 mihi
437 2735 660 2800 sententiarum
683 2754 775 2800 nexus
797 2753 859 2800 non
881 2735 956 2800 satis
979 2735 1109 2818 placeat,
1132 2755 1160 2800 v.
1182 2736 1232 2800 43.
1270 2734 1352 2800 Con·

256 2842 453 2909 siderandum
473 2844 578 2908 autem
600 2843 646 2906 est
667 2844 706 2908 ab
728 2843 786 2908 boc
805 2843 871 2926 ipso
891 2861 980 2908 versu
995 2861 1109 2908 novam
1130 2842 1263 2926 incipere
1280 2861 1351 2925 pro-

254 2951 321 3035 logi
342 2951 472 3034 partem,
494 2969 572 3033 quae
590 2951 692 3016 miuus
714 2970 854 3016 severum
876 2970 945 3015 oum
968 2951 1217 3034 praecedentibus
1240 2970 1351 3017 nerum

257 3060 406 3143 postulet3
440 3060 526 3125 nulla
555 3060 637 3125 certe
668 3060 802 3144 cogitari
834 3060 935 3142 potest
963 3060 1083 3143 prologi
1109 3059 1210 3126 forma
1231 3061 1352 3126 abhas

258 3169 423 3236 offensione
444 3187 568 3252 prorsus
588 3169 696 3234 libera.

401 3405 449 3469 17.
492 3405 544 3470 De
563 3402 784 3488 Iphigeniae
804 3402 1022 3469 Aulidensis
1044 3403 1209 3488 prologo.

357 3564 479 3648 Agmen
504 3564 630 3630 claudat
656 3564 825 3629 novissima
853 3564 883 3628 et
908 3561 1094 3628 difficillima
1116 3561 1273 3645 Euripidis
1303 3561 1351 3627 fa-

256 3675 340 3759 bula,
367 3673 530 3758 iphigenia
552 3673 738 3740 Aulidensis.
781 3672 828 3738 De
848 3672 935 3737 cuius
956 3671 1075 3750 habitu,
1109 3672 1351 3754 perturbatione,

360 3950 385 4020 1)
404 3948 480 4018 Quae
499 3948 534 4003 de
552 3948 678 4004 semibus
696 3949 740 4002 62.
754 3949 788 4003 63
801 3947 908 4016 scripsi,
926 3946 1070 4002 docentem
1083 3947 1178 4002 audiri
1190 3945 1351 4002 Usenerum.

257 4047 334 4104 Idem
352 4047 402 4102 hoe
421 4064 516 4122 versu·
535 4046 650 4102 delevit.

356 4143 385 4214 2)
405 4142 446 4199 cf.
471 4141 517 4197 Or.
541 4145 584 4197 86.
612 4143 690 4197 1667.
736 4141 801 4196 Ηευ.
821 4141 882 4194 616.
913 4138 1014 4194 Troad.
1034 4139 1094 4193 673.
1125 4139 1186 4195 Hel.
1206 4137 1266 4194 879.
1304 4139 1352 4194 Bia

231 4221 236 4233 ι
257 4241 448 4312 metaphorica
465 4239 670 4311 significatione
688 4236 838 4307 Euripides
858 4253 920 4291 oum
938 4236 1074 4293 vocabulo
1092 4231 1216 4306 ξυνεργός
1237 4234 1351 4291 coniun-

257 4339 311 4392 xit:
339 4337 412 4393 Med.
432 4335 597 4406 844.,ffipp.
616 4335 679 4390 676.
