3080 4960
738 387 788 440 104

217 558 419 626 recitatum
441 559 480 623 in
503 547 1191 642 scaenam'proditdemonstraturque'
1209 575 1306 640 spec-

218 668 412 736 tatoribus
433 659 740 752 pronomineh'de3
763 683 950 750 nunquam
971 667 1103 732 autem
1126 685 1207 732 eam
1229 685 1307 748 per-

216 797 340 845 sonam
369 775 660 861 προλόγίζουσα
689 775 915 859 alloquitur.
1305 769 1307 774 ’

317 886 507 952 Nominatur
531 887 694 968 insequens
721 903 850 967 persona
875 885 1007 950 maxime
1028 885 1061 949 in
1083 886 1309 970 antiquioribus

217 993 374 1077 Euripidis
407 983 530 1073 fabulis,
566 992 730 1072 Alcestide,
764 993 880 1073 Medea,
913 994 1091 1078 Hippolyto,
1125 994 1310 1076 Heraclidis,

217 1104 352 1186 Hecuba,
383 1104 466 1182 Ione,
496 1103 530 1167 in
550 1102 755 1168 recentiorum
776 1103 872 1168 33113.
915 1104 1004 1169 111133
1033 1104 1137 1170 autem
1164 1122 1310 1186 personae

217 1205 435 1298 ἀποστροφὴν
455 1212 653 1278 obtruserunt
675 1211 816 1294 Euripidi
837 1211 1000 1278 histriones
1022 1212 1054 1277 in
1081 1212 1141 1278 fine
1166 1213 1310 1296 prologo·
1365 1273 1371 1282 .

216 1341 286 1388 rum
310 1320 558 1400 Romulidarum,
592 1321 745 1399 Hecubae,
781 1321 983 1403 Baccharum,
1015 1321 1194 1404 Iphigeniae
1220 1320 1311 1385 Auli-

217 1431 364 1512 densis¹);
387 1429 584 1494 falsariorum
607 1429 685 1494 talia
708 1448 771 1494 3333
792 1449 885 1511 supra
910 1430 1107 1512 probavimus
1131 1429 1184 1514 (oi.
1206 1450 1234 1513 p.
1258 1431 1308 1494 23.

217 1541 257 1605 35
277 1558 322 1622 sq.
346 1539 384 1603 81
407 1557 452 1622 sq.
475 1540 525 1604 87.
548 1539 589 1602 94
610 1539 680 1621 sp).

316 1647 427 1713 Nonne
448 1647 538 1714 debes
559 1667 680 1714 mecum
703 1649 874 1714 consentire
892 1650 1008 1714 rectam
1029 1667 1094 1714 esso
1111 1667 1177 1714 eam
1200 1648 1310 1731 legem,

217 1775 311 1841 quam
340 1757 377 1823 de
409 1759 592 1841 argumento
626 1759 824 1842 prologorum
857 1758 1093 1842 Euripideorum
1124 1757 1157 1822 in
1189 1757 1311 1823 exordio

217 1867 309 1932 huius
331 1866 440 1948 capitis
462 1867 572 1950 posui?
605 1868 740 1934 Ubinam
764 1868 838 1932 sunt
857 1868 936 1932 13133
951 1867 1096 1949 ambages
1113 1867 1310 1949 prologorum

217 1977 285 2042 tarn
306 1994 395 2057 saepe
417 1976 611 2060 castigatae?
636 1977 736 2042 Immo
752 1976 830 2052 nihil
844 1977 877 2041 in
892 1977 1075 2058 argumento
1097 1994 1202 2041 eorum
1221 1975 1311 2051 inest,

220 2084 302 2168 quod
323 2084 405 2150 recte
426 2085 589 2168 vituperes
622 2085 682 2149 nisi
700 2069 785 2149 illud
813 2086 895 2169 quod
916 2085 1110 2168 reprehendit
1131 2083 1311 2168 antiquissi-

218 2213 287 2258 mus
313 2193 512 2276 prologorum
539 2193 774 2276 Euripideorum
808 2194 899 2259 iudex
932 2195 1166 2276 Aristophanes,
1200 2194 1312 2278 longae

218 2301 291 2368 illae
316 2320 462 2385 generum
486 2302 740 2376 enumerationes.
774 2339 815 2349 -
845 2304 941 2368 Porro
971 2304 996 2369 si
1027 2322 1078 2368 eas
1107 2303 1199 2386 leges,
1235 2321 1312 2386 quas

219 2412 257 2478 de
287 2428 347 2476 usu
379 2411 568 2492 pronominis
599 2405 664 2492 ὅδε,
695 2409 732 2477 13
764 2412 902 2478 historiis
933 2411 1035 2478 media
1068 2411 1187 2495 prologi
1225 2412 1313 2495 parto

218 2519 380 2599 enarratis,
414 2519 567 2586 derebus
597 2521 706 2586 alienis
739 2521 860 2587 omissis
892 2531 984 2605 supra
1012 2520 1119 2602 statui,
1151 2520 1311 2602 ponderas,

218 2647 319 2696 nonne
340 2629 397 2694 133
426 2646 547 2712 quoque
569 2629 646 2695 mihi
669 2630 808 2696 concedis
829 2629 1047 2712 Euripidem
1075 2629 1112 2693 in
1143 2629 1312 2712 prologis

218 2737 499 2805 conscribendis
524 2740 678 2804 maxime
700 2741 953 2822 spectatorum
979 2738 1160 2805 rationem
1191 2740 1312 2805 habu·

217 2847 312 2926 isse,
344 2847 447 2912 3131
469 2847 757 2914 accuratissime
781 2849 822 2914 31
843 2847 1027 2914 facillime
1050 2866 1113 2913 res
1135 2847 1313 2914 311313-

216 2957 295 3022 lam
324 2956 618 3040 intellegendam
649 2957 759 3022 scitu
792 2957 1024 3023 necessarias
1055 2958 1092 3032 et
1124 2956 1313 3023 discerent

217 3067 253 3132 ot
275 3065 450 3132 memoria
470 3066 664 3131 tenerent?
707 3066 783 3148 Quis
810 3067 935 3132 tandem
957 3066 1089 3145 dubitat,
1124 3067 1199 3148 quin
1221 3065 1313 3130 Euri·

217 3174 302 3268 pides
323 3173 466 3257 prologos
488 3193 663 3242 suosmore
685 3174 852 3259 Sophocleo
875 3174 1067 3241 conformare
1088 3175 1244 3256 potuerit?
1268 3174 1313 3239 At

218 3281 335 3360 noluit;
367 3284 575 3367 spectatorum
599 3284 804 3350 attentionem
827 3283 866 3349 ad
888 3283 988 3366 ipsam
1009 3283 1148 3348 fabulam
1170 3301 1312 3348 nonnun-

217 3410 311 3475 quam
336 3392 412 3457 satis
439 3392 633 3475 implicatam
663 3393 832 3475 convertit;
869 3391 1031 3458 historiam
1063 3391 1187 3458 fabulae
1222 3390 1312 3458 modo

219 3581 415 3590 -.--.-.—-.

318 3699 341 3762 1)
360 3695 392 3750 In
411 3696 558 3768 Iphigenia
576 3697 722 3753 Aulidensi
741 3696 873 3767 quoniam
897 3712 980 3751 senex
1004 3695 1154 3750 secundum
1177 3692 1313 3750 traditam

216 3793 327 3849 fabulae
345 3789 595 3849 conformationem
614 3795 669 3848 iam
688 3795 718 3850 in
736 3811 834 3852 scaena
851 3797 988 3856 versatur,
1006 3793 1100 3862 paullo
1120 3792 1204 3847 aliter
1222 3809 1265 3846 res
1284 3809 1313 3846 se

215 3890 309 3960 habet,
334 3908 418 3960 quam
438 3891 467 3945 13
485 3892 575 3946 131133
597 3891 695 3947 3313313
714 3891 824 3946 fabulis.
852 3921 884 3930 —
909 3890 1020 3945 Novum
1038 3889 1119 3943 simul
1137 3889 1190 3943 hoc
1209 3892 1249 3943 est
1269 3889 1312 3943 ar-

215 3991 378 4058 gumentum
405 4005 439 4043 ex
462 4006 538 4043 mora
561 3988 714 4059 Euripidae
738 3988 859 4059 petitum
880 4004 925 4042 me
950 3990 1025 4041 recte
1047 3985 1217 4056 improbasse
1241 3985 1312 4040 hanc

215 4084 328 4155 prologi
347 4083 604 4157 conformationem,
632 4090 664 4141 31
681 4088 862 4157 Agamemno,
891 4102 954 4139 cum
974 4085 1009 4141 ad
1027 4083 1175 4154 prologum
1192 4083 1309 4138 recitan-

215 4181 281 4236 dum
308 4180 338 4236 in
364 4198 491 4238 scaenam
514 4183 650 4254 procedit,
680 4183 797 4239 alteram
819 4181 968 4253 epistulam
995 4181 1032 4236 ad
1057 4179 1304 4248 Clytaemnestram

215 4276 335 4332 dandam
353 4277 408 4332 iam
428 4279 560 4349 scriptam
583 4283 787 4334 manuteneat.
