3080 4960
255 574 341 640 aliud
369 573 568 656 Euripideum
598 573 768 655 repudient.
812 573 1015 638 Luculentum
1044 573 1107 638 veri
1136 573 1347 638 testimonium

256 684 351 748 etiam
373 702 408 748 er
429 701 568 748 sermone
589 682 652 764 peti
674 683 784 765 potest.
820 681 983 764 Euripides
1005 700 1110 747 vocem
1133 679 1260 764 θνμέλη
1282 700 1349 746 sae-

255 791 324 874 pius
345 791 483 874 usurpat,
506 790 559 856 sed
581 809 676 856 unam
698 791 785 855 novit
809 790 968 873 vulgarem
991 809 1062 856 arae
1083 791 1253 856 notionem:
1280 791 1349 873 Iph.

256 899 329 966 Aul.
353 900 413 966 152
435 892 630 964 Κυκλώπων
651 897 792 980 θυμέλαι
814 899 936 965 moenia
958 899 1040 978 sunt,
1064 918 1122 967 usu
1144 900 1175 964 et
1196 900 1297 966 uetere
1318 900 1350 964 ct

255 1009 349 1092 probo
373 1009 407 1073 at
429 1009 555 1074 minimo
576 1006 770 1089 suspideof‘
797 1043 833 1054 -
1339 1069 1342 1083 ,

355 1117 415 1183 Sed
440 1135 477 1182 nc
502 1118 617 1182 temere
642 1116 766 1182 tantum
789 1134 933 1182 versuum
960 1135 1122 1181 numerum
1148 1135 1209 1182 uno
1231 1117 1349 1199 impetu

255 1224 397 1308 Euripidi
429 1224 609 1290 abiudicare
640 1223 754 1303 videar,
791 1224 895 1306 paullo
927 1225 1103 1290 accuratius
1135 1243 1171 1290 ca
1204 1243 1283 1307 quac
1316 1225 1351 1290 in

256 1333 430 1417 anapaestis
452 1333 628 1409 narrantur,
652 1332 887 1410 consideremus,
910 1333 1090 1414 praesertim
1107 1349 1176 1396 cum
1193 1334 1351 1398 19999999-

256 1443 342 1508 dium
364 1441 519 1524 Heunigio
548 1439 650 1504 iudice
672 1439 693 1503 l.
716 1441 735 1504 l.
758 1459 787 1523 p.
810 1440 851 1504 42
880 1440 1055 1522 „praeclaro
1084 1429 1234 1524 tanquam
1260 1461 1350 1525 prac-

130 1601 132 1605 .
255 1551 382 1616 ludatur
403 1549 611 1634 tragoediae.
636 1583 674 1594 -
698 1549 891 1631 Agamemno
910 1548 1008 1632 igitur
1031 1550 1193 1632 postquam
1213 1551 1247 1615 in
1267 1569 1351 1616 scae·

255 1679 329 1727 nam
349 1659 505 1743 processit,
527 1677 638 1734 senem,
664 1656 761 1722 fidum
782 1656 892 1722 domus
913 1676 986 1723 suae
1007 1675 1139 1737 servum,
1162 1659 1285 1724 evocat:

405 1777 410 1784 ’
453 1769 480 1847 ὦ
503 1781 639 1865 πρέσβυ,
661 1778 773 1865 δόμων
792 1783 896 1848 τῶνδε
918 1777 1085 1867 πάροιθεν

455 1895 573 1972 στεῖχε.

169 2001 172 2004 ’
257 2023 314 2088 1119
336 2021 444 2086 statim
466 2039 498 2085 se
518 2022 682 2086 venturum
710 2019 840 2095 clamat3
872 2021 979 2086 tamen
1001 2018 1229 2102 Agamemnoni
1257 2019 1351 2084 nimis

256 2129 364 2195 tardus
390 2129 521 2207 videtur,
555 2129 737 2212 quereiam
765 2146 834 2193 eum
863 2129 1003 2209 increpet
1025 2147 1054 2192 v.
1076 2129 1109 2206 33
1146 2120 1350 2211 onadoer9¹)‚·

258 2238 395 2302 Tandem
418 2238 504 2302 vonit
524 2255 641 2302 seruus.
686 2237 851 2318 Exspectas
880 2238 970 2313 certe,
1002 2242 1038 2300 ut
1059 2236 1261 2320 Agamemno,
1295 2237 1349 2320 qui

254 2349 320 2411 tam
343 2347 541 2427 impatienter
555 2363 657 2410 senem
673 2345 809 2428 impulit,
833 2346 868 2409 ut
883 2347 1065 2424 accurreret,
1088 2346 1197 2410 statim
1218 2347 1245 2410 91
1259 2364 1350 2412 man-

256 2456 330 2521 data
352 2455 482 2521 daturus
503 2455 554 2519 sit.
593 2453 651 2520 Sed
672 2455 796 2520 tantum
815 2455 910 2533 abest,
934 2456 970 2519 ut
984 2453 1090 2530 199191,
1112 2456 1157 2534 91,
1180 2454 1351 2537 quomodo·

256 2583 376 2647 cunque
396 2565 606 2649 insequentem
627 2566 729 2629 locum
753 2563 974 2629 difficillimum
996 2563 1209 2647 interpretaris
1233 2566 1273 2642 (v.
1286 2565 1348 2629 6-

257 2675 318 2754 11),
354 2675 391 2738 (19
420 2673 573 2777 sidepibus
601 2674 632 2738 et
658 2675 821 2739 ventorum
846 2673 969 2739 silentio
991 2691 1061 2738 cum
1085 2692 1119 2738 99
1143 2672 1349 2754 colloquatur.

256 2781 387 2846 Nasoni
410 2782 534 2864 quidem
556 2783 589 2846 in
606 2783 741 2847 mentem
764 2782 848 2847 venit
869 2801 987 2866 rogare,
1015 2781 1090 2865 quid
1111 2780 1238 2848 sepelit
1262 2781 1350 2862 Aga·

257 2909 393 2965 memno;
414 2890 472 2954 hoc
495 2889 617 2972 quaerit
638 2909 666 2955 v.
690 2891 742 2954 12:
1005 2895 1010 2906 '

452 3013 485 3080 τί
506 3012 542 3078 δὲ
563 3008 602 3079 σύ
625 3015 743 3104 σκηνῆς
764 3011 856 3093 ἐντὸς
877 3006 1011 3094 ditesce,

453 3114 655 3207 Ἀγάμεμνον
676 3113 773 3204 ἅναξ,

256 3269 352 3333 neque
382 3250 445 3315 ullo
473 3249 619 3314 mandato
647 3253 772 3334 accepto
802 3251 906 3316 monet
932 3270 1000 3316 eum
1029 3269 1058 3315 v.
1083 3250 1134 3314 16:
1170 3249 1349 3332 στείχωμεν

258 3354 334 3424 ἔσω.
378 3361 573 3444 Agamemno
596 3360 700 3424 autem
729 3379 826 3443 noque
852 3361 940 3442 paret
964 3361 1030 3425 seni
1056 3379 1154 3444 neque
1180 3379 1259 3444 quae
1284 3359 1349 3424 ius·

255 3485 345 3534 surus
365 3468 412 3532 est
433 3468 535 3532 iubet:
557 3469 666 3552 incipit
687 3469 911 3551 philosophari:

700 3594 784 3679 ζηλῶ
805 3595 852 3678 σέ,
874 3594 979 3680 γέρον,

454 3703 538 3788 ζηλῶ
560 3703 587 3769 δ’
611 3694 737 3787 ἄνδρῶν
759 3695 797 3781 ὃς
818 3697 987 3770 σῖκίνὸννσν

452 3810 526 3894 βίον
547 3810 714 3896 ἐξεπέρασ’
736 3803 840 3896 α’γνώς
861 3803 991 3900 ἀκλεής·

453 3916 534 4000 τούς
554 3913 584 3986 d'
604 3920 638 3987 ἐν
657 3925 767 4005 τιμαῖς
786 3906 888 4011 ἧσσον
910 3922 1003 4007 ζηλῶ.

257 4046 288 4110 91
309 4063 398 4112 senex
423 4065 483 4112 non
499 4047 633 4132 ¹illepide
658 4047 695 4114 de
716 4047 803 4114 varia
825 4048 983 4114 hominum
1010 4049 1136 4116 fortuna
1156 4048 1255 4114 multa
1277 4067 1347 4116 cum

357 4279 384 4352 1)
404 4280 486 4338 Certa
504 4282 573 4341 heco
590 4287 633 4340 act
650 4281 769 4339 Dobraei
788 4283 954 4342 coniectura.
