3080 4960
760 411 809 465 oo·

232 579 392 662 Euripides
415 583 543 649 tertium
564 585 642 650 illud
663 585 694 648 in
717 585 812 650 alium
835 586 978 663 formam,
1012 601 1180 668 quaecum
1203 583 1323 647 seuten-

232 689 294 754 tiae
317 708 407 756 sensu
429 691 537 756 melius
561 694 750 773 congrueret,
773 693 902 776 redegit.
928 729 969 740 -
999 691 1159 775 Singulari
1181 690 1271 756 modo
1293 711 1323 756 v.

144 851 147 856 .
199 833 206 856 t
232 797 629 883 supereminentem
651 804 834 884 usurpatum
856 803 912 867 est.
960 802 1042 867 Nam
1066 819 1136 865 cum
1164 798 1246 882 apud
1274 816 1324 862 ce-

231 908 313 974 teros
334 910 497 992 scriptores
520 912 719 994 „imprecari“
743 911 905 992 significet,
939 913 1044 976 nostro
1070 911 1137 976 loco
1167 909 1323 974 notionem

232 1016 325 1081 habet
354 1017 586 1094 „iusiurandum
612 1011 676 1106 ἀρᾷ
706 1019 916 1085 κτήσαισθ’.
960 1019 1019 1086 Sed
1051 1019 1131 1085 illud
1162 1035 1324 1100 procorum

231 1125 447 1191 iusiurandum
469 1128 545 1192 mihi
569 1129 693 1212 quidem
715 1129 798 1193 finiri
820 1129 942 1194 uidetur
963 1149 993 1194 r.
1008 1130 1066 1203 63;
1087 1126 1236 1209 adscripti
1251 1126 1325 1190 sunt

232 1223 275 1298 ab¹
292 1233 513 1316 interpolatore
534 1257 562 1302 u.
584 1239 634 1303 64.
656 1240 710 1304 65:

379 1357 672 1451 citramontana
692 1370 746 1434 καὶ
767 1365 989 1454 κατασκάψειν
1008 1363 1105 1434 πόλιν

373 1472 496 1564 Ἕλλην’
520 1474 643 1561 ὁμοίως
662 1475 828 1563 βάρβαρόν
849 1480 884 1546 θ’
908 1476 1021 1545 ὅπλων
1041 1477 1132 1561 μέτα.

232 1612 279 1676 Da
299 1613 465 1695 posteriore
486 1633 576 1680 versu
597 1615 679 1680 idem
701 1616 807 1680 docuit
828 1615 1034 1693 Hermaeum,
1068 1613 1260 1696 vituperatus
1285 1615 1325 1678 ab

234 1721 409 1804 Hartungo,
442 1723 524 1805 quod
548 1723 647 1789 causis
676 1743 737 1790 non
760 1723 887 1789 adiectis
908 1742 1030 1788 versum
1052 1723 1154 1788 sensui
1179 1721 1324 1805 explendo

233 1831 439 1896 necessarium
468 1833 580 1898 inutile
612 1833 860 1900 additamentum
892 1833 1041 1898 vocasset.
1091 1831 1209 1897 Tamen
1238 1831 1325 1895 nullo

233 1939 289 2003 hos
311 1958 415 2005 versus
437 1941 562 2006 meliora
585 1942 767 2025 cognomina
786 1943 890 2008 ornari
911 1941 1052 2025 equidem
1072 1940 1184 2005 iudico.
1215 1939 1326 2005 Nonne

234 2047 348 2112 mirum
371 2050 522 2130 quantum
552 2050 729 2115 claudicant
755 2051 904 2116 infinitivi
927 2042 1191 2131 ἐπιστρατεύσειν
1217 2047 1248 2112 et
1269 2069 1326 2109 κα-

234 2148 439 2239 τασκάψεινῖ
474 2159 582 2222 Nonne
604 2178 695 2241 aegre
716 2160 852 2235 ferimus,
882 2159 964 2241 quod
996 2159 1103 2223 contra
1135 2157 1324 2222 cuiusnam

235 2264 341 2329 urbem
364 2264 448 2346 proci
470 2265 713 2346 proficiscantur,
736 2285 771 2332 ex
792 2266 991 2349 praecedente
1012 2264 1164 2331 sententia
1187 2265 1326 2346 repeten-

234 2373 309 2437 dum
328 2373 397 2438 cst?
430 2373 593 2440 Praeterea
615 2369 728 2444 ὅπλων
748 2373 830 2458 μέτα
851 2375 1036 2450 absurdum3
1058 2375 1139 2438 certe
1154 2373 1327 2454 scripsisset

234 2481 394 2565 Euripides
416 2481 490 2565 δορί
497 2483 530 2566 1).
576 2486 601 2549 ll
638 2485 713 2568 quid
739 2486 865 2552 taudem
892 2485 965 2552 novi
993 2485 1040 2548 his
1069 2483 1207 2547 versibus
1233 2479 1328 2546 disci·

234 2593 323 2654 mus?
368 2592 584 2658 Ulciscendum
616 2595 696 2659 enim
719 2613 782 2660 esse
804 2613 865 2660 non
893 2595 993 2660 solum
1018 2612 1086 2660 eum
1119 2608 1326 2674 procorum,

234 2699 288 2779 qui
309 2698 460 2765 Helenam
488 2702 601 2768 marito
629 2703 775 2785 rapturus
798 2703 850 2781 sit,
888 2702 940 2767 sed
972 2700 1140 2785 quemlibet
1171 2700 1327 2781 raptorem

233 2806 298 2872 eius
319 2809 396 2874 satis
417 2809 527 2875 docent
549 2812 642 2876 verba
663 2803 765 2888 εἴτις
787 2832 815 2877 v.
839 2813 888 2877 62.
923 2847 963 2858 -
994 2809 1083 2875 Nihil
1112 2809 1235 2874 omnino
1257 2826 1327 2872 mu-

146 2975 150 2988 „
233 2917 364 2983 tandum
394 2918 502 2982 estin
531 2936 567 2983 ea
596 2935 690 3000 quam
713 2919 860 3006 praebent
887 2918 1005 2984 codices
1034 2933 1176 2982 versuum
1202 2916 1326 2980 66—68

211 3025 402 3108 ‘scriptura3
423 3044 546 3092 versum
569 3028 674 3092 autem
695 3027 735 3092 69

416 3153 493 3225 ὅταν
516 3159 616 3226 πνοαὶ
636 3159 768 3247 φέροιεν
789 3155 987 3248 Ἀφροδίτης
1008 3158 1109 3248 φίλαι,

232 3294 291 3360 etsi
311 3294 387 3360 bene
408 3295 591 3378 Lentingius
613 3288 693 3360 ὅσοι
721 3296 861 3371 correxit,
894 3295 1034 3378 equidem
1068 3295 1172 3359 abesse
1205 3292 1327 3373 malim3

231 3402 337 3469 videor
357 3403 439 3469 cuim
462 3404 539 3470 mihi
566 3405 705 3488 tragicae
729 3404 876 3470 dictionis
906 3405 1067 3469 centonem
1095 3401 1327 3484 deprehendere,

231 3531 329 3596 neque
349 3513 440 3578 lacile
462 3515 582 3597 patitur
602 3533 707 3580 versus
729 3513 912 3596 praecedens
931 3513 1125 3595 maximeque
1140 3510 1327 3576 vocabulum

231 3616 286 3684 ἕνα
308 3622 458 3690 eiusmodi
480 3623 737 3689 additamentum.
771 3657 812 3668 -
845 3622 882 3689 V.
903 3623 941 3689 71
955 3641 1001 3704 sq.
1023 3621 1170 3704 praebent
1191 3619 1326 3686 codices:

542 3749 699 3821 ttadvd'
722 3753 757 3820 ἐκ
778 3755 915 3839 Φρυγῶν
938 3748 956 3819 ὁ
978 3750 1036 3831 τὰς
1058 3749 1144 3832 θεὰς

397 3862 507 3945 κρίνας
530 3857 589 3943 d'd',
614 3857 660 3941 ὥς
681 3857 699 3929 ὁ
721 3863 832 3946 μῦθος
853 3854 1042 3947 ἀνθρώπων
1065 3858 1140 3944 ἔχει.

148 4055 155 4064 .
233 3995 372 4063 Clemens
384 3998 488 4062 autern
499 3994 735 4079 Alexandrinus,
749 3998 803 4079 qui
815 3996 904 4061 illum
917 3997 1019 4061 locum
1032 3995 1174 4079 apposuit
1187 3995 1322 4080 Paedag.

234 4187 428 4196 -—--——

335 4282 358 4358 1)
380 4283 543 4345 Rectissime
564 4281 714 4358 Euripides
734 4282 800 4355 μεθ’
820 4276 915 4338 ὅπλων
935 4281 1080 4355 lampavit
1098 4279 1144 4338 Or·
1164 4280 1223 4336 673.
