3080 4960
745 423 796 478 106

230 588 330 670 slidis,
346 591 449 673 Oenei,
465 593 631 676 Troadum,
646 595 826 678 Iphigeniae
844 595 1004 676 Tauricae,
1025 596 1059 660 in
1072 596 1185 680 quibus
1196 615 1322 662 eausam

76 679 80 686 ’
177 747 180 752 -
232 701 352 784 prologi
374 702 539 768 declamati
559 702 707 788 indagare
727 706 827 787 potes:
850 705 955 771 tamen
970 705 1062 772 verba
1077 705 1250 771 autumnis
1266 707 1323 771 aut

230 809 396 876 maximam
417 811 538 893 partem
559 811 606 878 ita
634 814 812 896 comparata
833 815 915 898 sunt,
948 814 984 879 ut
1005 815 1135 898 epicum,
1168 832 1229 879 non
1255 815 1323 880 tra·

229 919 332 1002 gioum
360 921 482 1001 poetam
509 920 616 987 audire
646 921 788 989 videaris.
821 923 858 988 ln
882 923 990 989 ueteris
1012 924 1117 989 autem
1143 922 1257 989 fabulis
1287 943 1322 988 er

228 1029 295 1111 ipsa
310 1028 487 1112 tragoediae
508 1029 637 1111 actione,
662 1032 721 1096 nisi
744 1021 983 1116 foru'sopuisu
1005 1051 1069 1098 esse
1084 1032 1176 1112 voles,
1202 1033 1323 1098 nullam

228 1137 352 1203 omnino
375 1157 510 1205 oausam
537 1140 657 1223 prologi
688 1141 811 1207 recitati
841 1143 944 1225 petere
970 1140 1098 1226 poteris:
1132 1159 1256 1224 prorsus
1287 1141 1322 1206 in

228 1246 436 1328 spectatorum
463 1266 554 1314 usum
580 1249 688 1332 seripti
709 1251 793 1316 sunt.
836 1249 937 1316 Velim
964 1249 1068 1316 autem
1096 1249 1154 1316 hoo
1177 1249 1321 1316 animad-

228 1355 346 1421 vertas:

328 1463 360 1530 Ii
382 1464 533 1550 prologi
556 1467 619 1550 qui
643 1467 778 1550 optime
799 1486 878 1533 aum
901 1467 1145 1556 ipsafabula
1174 1465 1321 1550 ooeunt,
1386 1531 1389 1538 ,

229 1591 358 1639 omnes
378 1575 462 1639 sunt
484 1575 620 1657 prioris
641 1576 782 1643 aetatis
803 1595 954 1660 poeseos
976 1575 1207 1659 Euripidiae.
1250 1575 1321 1641 Po-

230 1682 405 1749 steriora
425 1683 593 1766 tempore
616 1685 723 1768 poeta
746 1703 821 1750 non
842 1686 958 1752 solum
981 1702 1109 1752 nexum
1129 1684 1321 1750 internum

230 1791 352 1874 magis
367 1791 573 1875 magisque
593 1793 722 1874 solvit,
746 1794 810 1860 sed
831 1793 953 1862 etiam
975 1794 1126 1861 externo
1147 1792 1216 1860 illo
1237 1793 1321 1858 vin·

230 1898 332 1980 1111,
367 1901 410 1966 11
440 1919 594 1984 persona
623 1901 915 1987 προλογίζουσα
942 1903 1203 1987 insequentem
1235 1919 1322 1986 per·

229 2027 357 2076 sonam¹
375 2008 576 2091 indicaret,
599 2031 673 2078 non
694 2013 772 2079 iam
793 2031 885 2079 usus
907 2013 965 2078 est
985 2011 1028 2096 (v.
1048 2032 1077 2095 p.
1100 2012 1159 2077 103
1179 2013 1248 2094 sq.).

328 2117 406 2200 Quo
428 2120 549 2202 magis
571 2122 692 2187 autem
715 2121 913 2205 Euripides
940 2121 1115 2206 prologos
1141 2120 1322 2204 prooemi-

230 2246 339 2292 orum
354 2227 515 2295 11111111
530 2229 612 2312 ipsa
634 2231 845 2296 solutorum
865 2230 1023 2296 formam
1039 2230 1173 2296 habere
1187 2229 1321 2313 uoluit,

233 2355 274 2402 eo
297 2336 417 2420 magis
436 2337 603 2420 ipsarum
622 2338 835 2404 fabularum
856 2339 1121 2422 argumentum
1142 2329 1264 2404 auxit.

328 2445 413 2512 Num
433 2465 508 2530 opus
529 2447 577 2514 est
597 2447 730 2530 amplius
749 2465 904 2531 exponere,
926 2467 1019 2532 quam
1035 2448 1157 2532 egregie
1171 2449 1229 2514 hoo
1243 2467 1321 2532 quo-

204 2573 286 2638 ¹que
307 2555 490 2638 quadratio
514 2576 582 2622 eam
604 2556 800 2642 sententiam,
831 2576 926 2642 quam
943 2559 1035 2625 autea
1057 2557 1095 2624 de
1112 2575 1205 2623 eausa
1228 2556 1320 2622 11111-

227 2664 386 2746 pideorum
406 2666 605 2750 prologorum
626 2665 746 2732 statui?
801 2689 811 2706 ·

325 2773 385 2841 Sed
398 2775 544 2858 quoniam
559 2775 596 2841 de
613 2775 680 2841 1111
694 2774 893 2860 prologorum
908 2775 1112 2860 disputamus,
1133 2775 1220 2842 iuuat
1234 2793 1320 2840 sum-

227 2884 360 2950 marium
384 2882 496 2952 addere
516 2883 773 2966 interpolationis,
794 2903 856 2968 qua
877 2904 928 2952 ars
947 2885 1059 2952 obruta
1080 2887 1135 2950 est.

325 2995 406 3059 Duo
434 3013 570 3078 genera
596 2993 917 3077 interpolationis
945 2993 1122 3078 grassata
1153 2994 1248 3060 sunt
1277 2992 1319 3058 in

231 3102 398 3187 prologis
421 3103 650 3188 Euripideis:
680 3102 868 3183 alterum,
889 3102 990 3186 quod
1012 3101 1318 3186 grammaticum

226 3230 336 3292 voeo,
358 3212 519 3279 alterum
541 3213 775 3280 histrionale.

325 3321 382 3388 Ad
404 3323 506 3405 prius
528 3341 646 3407 genus
669 3341 789 3390 omnes
812 3341 873 3390 eas
895 3323 1015 3388 refero
1043 3320 1319 3402 interpolatio·

226 3449 301 3510 nes,
330 3449 424 3514 quae
445 3432 639 3498 verborum
660 3432 793 3516 poetae
815 3428 1185 3514 interpretandarum
1207 3446 1318 3494 eausa

226 3539 502 3607 additaesunt.
598 3597 601 3602 .

324 3647 437 3714 Omnes
456 3648 590 3733 (praeter
606 3646 717 3734 unum)
737 3649 859 3734 prologi
881 3647 1018 3732 exempla
1039 3646 1196 3731 praebent,
1218 3646 1317 3729 pluri·

226 3777 294 3824 mas
317 3758 457 3825 Electrae
478 3757 633 3843 prologus.
677 3758 757 3826 Sunt
776 3759 882 3825 autern
902 3757 959 3824 illa
980 3756 1193 3824 additamenta
1209 3755 1266 3822 aut
1283 3773 1318 3820 ex

225 3866 350 3951 ingenio
371 3867 630 3950 interpolatorum
650 3867 787 3950 prolaeta
809 3868 865 3934 aut
893 3885 928 3932 er
951 3865 1022 3932 aliis
1043 3865 1220 3932 fabularum
1241 3863 1317 3931 loeis

226 3976 334 4061 petita.
380 3976 462 4059 Quin
479 3994 513 4044 eo
534 3977 672 4062 prueedit
693 3976 892 4043 falsariorum
912 3975 1095 4060 loquacitas,
1117 3975 1164 4049 ut,
1185 3991 1265 4059 quae
1286 3976 1327 4039 se'

227 4086 383 4154 dieturum
410 4103 470 4152 non
498 4104 563 4153 esse
592 4087 682 4170 poeta
713 4103 849 4168 expresse
877 4084 964 4166 dixit,
996 4084 1057 4169 ipsi
1085 4083 1195 4151 statim
1221 4083 1317 4149 libere

227 4194 427 4282 pronuntient
463 4192 545 4280 (Iph.
566 4194 659 4262 Taur.
685 4197 735 4262 38.
761 4196 812 4261 39.
846 4193 899 4261 Or.
929 4195 1074 4276 12-15).
1112 4229 1152 4240 -
1188 4187 1316 4260 Grauis-

227 4307 324 4373 simae
351 4307 456 4372 autem
483 4303 576 4372 huius
600 4304 721 4388 generis
747 4303 1000 4388 interpolationes
1024 4304 1096 4370 runt
1123 4302 1217 4381 diota,
1249 4300 1316 4384 ety-

1520 1013 1522 1080 l
