3080 4960
793 445 828 502 84

265 620 434 685 Pareamus
454 616 554 699 igitur
568 616 616 681 illi
631 618 801 700 praecepto,
824 616 906 700 qnod
920 618 1089 684 identidem
1104 618 1230 684 auribus
1244 619 1358 684 nostris

246 725 442 807 ·incnlcat¹),
463 743 538 791 noue
559 725 659 789 ullum
682 727 900 808 argumentum
916 746 952 792 er
967 727 1118 810 singulari
1133 726 1224 792 buius
1237 726 1358 809 prologi

264 835 364 901 forma
384 835 535 918 petamus.
568 833 651 899 Nam
672 833 775 916 potuit
795 853 869 900 sane
888 835 978 917 poeta
1002 835 1233 916 compositionis
1247 835 1358 917 legem,

265 963 358 1027 qnam
377 944 442 1026 ipse
464 943 523 1008 sibi
545 942 657 1024 posuit,
680 943 835 1008 interdum
858 944 1029 1026 neglegere,
1053 962 1219 1026 nequeego
1239 945 1266 1008 is
1288 961 1358 1008 sum

264 1053 317 1136 qui
340 1050 569 1116 Andromedam
596 1052 627 1115 et
649 1051 780 1117 fortasse
805 1051 883 1117 alias
911 1069 1032 1134 quoquo
1053 1051 1210 1134 Euripidis
1235 1051 1358 1117 fabulas

263 1161 390 1245 prologo
412 1159 545 1226 iambico
568 1159 702 1225 caruisse
723 1162 878 1242 negem2).
923 1160 1022 1226 Cardo
1044 1161 1148 1226 autom
1171 1161 1269 1227 totins
1293 1159 1359 1224 dis·
1448 1157 1450 1161 ’

263 1269 434 1353 putationis
455 1269 514 1334 hac
534 1267 567 1332 in
588 1287 622 1334 re
643 1268 785 1347 vertitur,
816 1269 921 1333 utrum
943 1268 1103 1352 Euripides
1124 1270 1204 1334 hanc
1225 1270 1357 1352 primam

263 1378 387 1444 fabulae
420 1395 561 1443 scaenam
595 1375 791 1458 anapaestico
824 1376 963 1443 diverbio
998 1378 1038 1454 et
1061 1377 1195 1443 iambico
1231 1377 1358 1460 prologo

263 1487 431 1567 miscuerit,
464 1504 567 1551 necne.
620 1484 782 1568 Equidem,
818 1485 878 1550 nisi
910 1487 990 1551 forte
1023 1486 1201 1569 Euripidem
1234 1487 1359 1552 fatuum

263 1596 357 1661 ltrisso
378 1595 539 1674 iudicabis,
572 1613 696 1678 prorsus
724 1614 812 1678 nego.
857 1596 904 1661 Ac
933 1596 1067 1677 primum
1095 1596 1219 1678 quidem
1248 1596 1358 1661 contra

263 1707 395 1772 naturae
415 1705 498 1788 leges
520 1705 579 1770 boc
600 1688 729 1787 pugnat,
753 1705 834 1787 quod
858 1707 1060 1788 Agamemno,
1083 1691 1248 1789 postquam
1268 1723 1359 1770 senor

263 1833 293 1878 v.
315 1814 357 1879 34
379 1831 423 1896 sq.
445 1812 579 1896 rogavit,
603 1830 657 1877 our
676 1812 770 1878 noctu
791 1813 955 1907 epistulam
974 1811 1064 1878 modo
1079 1814 1244 1896 scripserit,
1266 1813 1358 1878 modo

262 1921 420 2000 deleverit,
453 1921 615 2005 respondet
643 1921 737 2004 longa
761 1920 909 2000 oratione,
944 1940 1006 2004 qua
1028 1923 1059 1987 et
1080 1923 1216 1988 Helenae
1237 1923 1303 1987 fata
1327 1924 1359 1988 et

262 2031 335 2097 belli
348 2030 450 2095 Troici
463 2031 613 2114 originem
626 2028 790 2112 enarrat³).
815 2031 858 2094 At
871 2031 1044 2114 audiamus,
1059 2031 1134 2113 quid
1149 2032 1258 2096 contra
1273 2031 1359 2096 dicat

263 2139 438 2222 Hennigius
449 2139 470 2204 l.
482 2139 503 2204 l.
515 2159 544 2222 p.
554 2139 609 2203 41:
638 2137 809 2219 „Quoniam
827 2139 908 2202 enim
923 2139 1041 2204 iambos
1055 2158 1134 2204 novo
1149 2140 1288 2206 hocloco
1303 2159 1359 2222 po·

262 2249 338 2314 sitos
359 2266 423 2313 esse
446 2248 554 2313 mirari
576 2266 637 2313 non
659 2248 812 2326 debemus,
842 2249 918 2313 satis
938 2248 997 2314 erit
1011 2266 1134 2313 monere
1156 2266 1248 2331 quae
1269 2249 1357 2313 iam-

263 2358 320 2424 bis
341 2357 426 2422 istis
450 2356 730 2436 contineantur,
754 2377 796 2422 ea
818 2358 1048 2440 spectatores
1071 2357 1195 2422 sciant
1210 2375 1358 2423 necesso

263 2485 352 2546 esso,
374 2467 555 2549 praesertim
578 2486 648 2532 oum
670 2486 704 2533 oa
726 2466 889 2549 respicitur
910 2467 967 2545 lex,
990 2486 1082 2550 quam
1107 2466 1144 2532 de
1157 2468 1356 2550 prologorum

231 2605 236 2623 .
261 2576 383 2641 ratione
405 2575 463 2640 sibi
484 2577 682 2659 praescripsit
704 2575 875 2658 Euripides.
920 2575 1022 2657 Quod
1044 2577 1167 2641 autem
1189 2576 1258 2640 illo
1280 2576 1358 2640 stu·

264 2685 324 2750 dio
346 2687 522 2768 abreptus
550 2686 660 2768 poeta
688 2686 967 2769 aliquantulum
997 2683 1042 2770 (i)
1070 2685 1196 2750 laesit
1224 2685 1357 2749 verisi-

263 2793 516 2859 militudinem
539 2813 660 2876 noque
688 2795 821 2859 mirum
849 2797 908 2859 est
935 2813 1075 2876 neque,
1108 2792 1145 2857 id
1167 2792 1262 2876 quod
1283 2811 1358 2858 rec·

262 2903 410 2968 tissime
440 2901 590 2968 addidit
618 2902 863 2982 Hermannus,
897 2903 1018 2986 magis
1050 2903 1147 2967 nota
1175 2901 1356 2985 dignum,

263 3029 378 3095 quam
412 3012 512 3095 qnod
540 3013 624 3076 eius
656 3013 807 3095 generis
841 3013 961 3078 ceteri
991 3030 1135 3095 quoquo
1167 3010 1358 3094 praebent

62 3099 68 3119 ’
175 3197 177 3202 ,
262 3120 456 3204 Euripidis
477 3121 652 3203 prologi.“
689 3121 735 3185 En
758 3121 839 3186 bella
862 3120 892 3186 et
911 3120 1014 3202 lepida
1036 3121 1236 3203 argumenta!
1268 3117 1357 3199 Quod

261 3229 360 3312 igitur
388 3249 424 3294 ea
455 3248 533 3311 quae
561 3228 712 3294 iambicus
742 3230 888 3312 prologus
924 3229 1062 3294 continet
1097 3228 1175 3292 scire
1205 3227 1357 3293 debebant

262 3339 459 3420 spectatores,
480 3339 635 3404 insaniam
657 3339 850 3404 committere
871 3339 901 3404 et
916 3337 1044 3403 surdum
1059 3336 1174 3419 fingere
1187 3337 1357 3420 Agamem·

363 3653 390 3718 1)
408 3647 479 3704 Vide
498 3649 515 3702 l
534 3649 552 3703 l.
571 3665 598 3718 p.
618 3647 653 3702 39
672 3647 735 3702 adn.
755 3649 789 3702 43
808 3650 837 3702 et
854 3663 881 3716 p.
899 3647 943 3701 41.

362 3748 389 3814 2)
409 3746 511 3800 Mirum
530 3749 625 3800 tamen
643 3747 685 3800 est
703 3743 778 3814 quod
796 3741 866 3798 dicit
883 3742 1037 3814 Hennigius
1056 3743 1074 3798 l.
1093 3745 1111 3798 l.
1129 3761 1156 3814 p.
1176 3746 1218 3814 39,
1247 3744 1356 3800 Andro·

260 3841 357 3904 medae
382 3841 506 3910 εἰσβολῆς
529 3841 702 3896 simillimam
725 3840 810 3894 fuisse
831 3839 970 3894 rationem
989 3842 1074 3909 atque
1096 3840 1258 3913 Iphigeniae
1277 3841 1355 3895 Auli-

221 3927 226 3937 *
260 3938 360 3994 densis.
396 3937 535 4008 Equidem
553 3954 609 3991 non
627 3937 717 4006 rideo,
745 3937 793 4006 qui
812 3935 968 4007 comparari
989 3937 1077 4007 possit
1095 3937 1272 3992 Andromeda
1290 3938 1354 4007 rupi

260 4031 346 4088 affixa
364 4052 530 4106 gemensque
548 4032 707 4088 monodiam
727 4033 932 4102 anapaesticam
950 4050 1013 4087 oum
1031 4033 1238 4103 Agamemnone
1262 4052 1355 4088 senem

261 4135 394 4188 evocante
411 4137 440 4187 et
458 4132 634 4202 anapaestico
652 4134 742 4186 metro
762 4147 825 4185 cum
844 4146 876 4184 eo
896 4130 1078 4200 colloquente.

359 4229 386 4299 8)
404 4227 483 4286 Nihil
510 4227 546 4284 ad
571 4247 631 4285 rem
652 4227 734 4297 facit,
761 4225 836 4297 quod
859 4230 922 4296 post
944 4227 1090 4298 sexaginta
1114 4243 1209 4282 versus
1231 4226 1289 4280 seni
1309 4243 1351 4280 re·

259 4325 386 4397 spondet.
