3080 4960
751 399 769 452 8

216 596 249 660 iu
271 595 310 659 iis
331 613 400 668 mec
422 594 546 677 quidem
569 593 720 659 sententia
743 593 882 676 spurium
895 593 946 672 sit,
968 592 1098 674 notsb03
1121 593 1188 657 tum
1204 611 1220 656 e
1236 610 1310 675 pur-

218 703 301 786 gatis
322 703 458 785 prologis
478 703 571 785 leges,
595 721 673 784 ques
693 701 857 784 Euripides
879 701 911 764 in
932 700 971 765 iir
993 700 1214 782 componendis
1224 719 1310 766 secu·

217 812 269 876 tus
289 811 341 896 sit,
362 811 382 875 i.
404 830 430 876 c.
451 811 550 876 artem
572 827 677 877 eorum
699 828 804 875 eruore
825 809 954 876 studebo
966 806 1000 892 ¹).

754 1277 779 1342 Ι.

507 1437 562 1504 DE
583 1435 1027 1504 INTERPOLATIONIBVS

448 1543 737 1613 PROLOGORVM
762 1544 1085 1612 EVRIPIDEORVM

322 1704 366 1770 De
394 1703 688 1788 interpolationibus
716 1705 913 1790 prologorum
942 1703 1177 1787 Euripideorum
1206 1703 1314 1787 dispu-

220 1813 326 1878 taturo
350 1831 449 1895 pauca
474 1813 551 1878 mihi
571 1812 665 1880 liceat
686 1812 820 1897 praefari
841 1813 880 1879 de
901 1814 951 1879 via
973 1831 1010 1879 ac
1031 1812 1152 1880 ratione
1166 1832 1228 1896 qua
1242 1811 1314 1878 illas
1363 1792 1366 1803 ⁵

220 1921 415 2005 indagandas
435 1940 500 1988 esse
522 1939 637 1988 censeo.
678 1921 726 1988 Ac
746 1921 880 2004 primum
904 1921 1027 2004 quidem
1050 1920 1249 2005 ponderanda
1268 1921 1315 1986 est
1376 1983 1378 1988 ,
1467 1958 1472 1965 ·

220 2029 319 2096 totius
338 2029 464 2095 fabulae
486 2025 604 2095 eteius
626 2029 664 2094 de
686 2046 747 2112 quo
769 2029 929 2111 quaeritur
950 2028 1011 2094 loci
1037 2028 1185 2095 condicio.
1231 2029 1313 2096 Nam

222 2138 248 2203 si
271 2156 376 2204 uersus
396 2136 524 2220 quidem
544 2153 614 2200 cum
637 2135 709 2201 eliis
730 2129 865 2203 eiusdem
888 2135 1011 2203 fabulae
1033 2137 1109 2203 locis
1131 2138 1239 2224 aperte
1259 2156 1317 2222 pu·

222 2249 322 2329 grant
336 2248 392 2314 aut
406 2265 476 2312 cum
492 2245 577 2311 illius
599 2263 679 2329 quae
698 2243 838 2327 loquitur
855 2263 1000 2328 personae
1017 2245 1144 2329 ingenio
1161 2247 1227 2314 sive
1245 2264 1316 2314 cum

223 2357 320 2423 totius
341 2355 465 2423 febrdae
486 2354 670 2436 argumento
692 2371 753 2419 non
775 2352 973 2419 consentiunt
993 2354 1049 2420 aut
1068 2373 1180 2421 nerum
1194 2356 1317 2422 sentcn-

221 2465 337 2530 tiarum
359 2461 549 2529 intolerabili
569 2459 661 2526 modo
687 2461 929 2544 interrumpunt,
961 2480 1012 2528 eos
1037 2464 1077 2529 ab
1103 2463 1258 2546 Euripide,
1289 2462 1317 2528 si

223 2572 346 2657 quidem
367 2589 461 2638 sanus
488 2569 550 2636 luit
572 2569 672 2654 poete,
705 2569 858 2652 proiectos
879 2587 944 2636 esse
965 2588 1027 2637 non
1047 2589 1135 2654 posse
1155 2590 1244 2638 nemo
1267 2590 1317 2638 ne·

222 2680 320 2765 gabit.
356 2677 503 2762 Sequitur
525 2697 625 2744 sermo
648 2677 842 2761 Euripidcus.
878 2677 957 2744 Tum
977 2698 1094 2764 magna
1114 2681 1196 2746 enim
1218 2679 1318 2746 exstat

222 2789 408 2874 scriptorum
433 2785 590 2870 Euripidis
613 2787 711 2870 copie,
742 2787 779 2850 ut
808 2787 883 2871 quid
908 2787 936 2853 ei
957 2788 1081 2855 licuerit
1102 2787 1211 2874 dicere,
1242 2788 1317 2872 quid

223 2917 284 2964 nou
305 2898 438 2977 licuerit,
460 2895 630 2963 certissime
650 2895 748 2961 statui
769 2897 875 2980 possit.
913 2897 1031 2963 Tamen
1049 2897 1130 2963 hanc
1150 2895 1318 2980 interpola-

223 3008 317 3074 tionis
338 3005 514 3090 crguendae
535 3005 689 3071 rationem
711 3005 770 3071 etsi
790 3005 1039 3072 luculentissima
1053 3007 1101 3072 est
1116 3005 1147 3072 et
1160 3005 1317 3089 philologo

223 3116 417 3200 dignissima,
450 3101 541 3180 valdo
561 3114 683 3199 neglegi
705 3113 804 3180 rideo.
849 3115 960 3199 Itaque
982 3135 1038 3200 ego
1060 3134 1151 3181 usum
1172 3111 1318 3198 loquendi

224 3224 435 3307 Euripideum,
457 3224 608 3307 quantum
630 3224 779 3306 poteram,
802 3241 985 3308 cognoscere
1004 3223 1119 3290 studui.
1162 3224 1223 3291 Ubi
1245 3242 1319 3291 con-

224 3334 323 3416 traria
345 3331 459 3412 inveni,
493 3323 640 3416 quaesivi,
674 3333 797 3416 quando
818 3334 849 3399 et
871 3333 954 3417 apud
976 3353 1052 3418 quos
1071 3333 1234 3416 scriptores
1255 3331 1319 3417 pri·

225 3461 310 3508 mum
334 3441 483 3525 usurpata
500 3444 684 3525 appareant3
706 3461 766 3525 qua
787 3441 893 3508 tamen
911 3441 946 3508 in
964 3460 997 3507 rc
1016 3440 1099 3507 haud
1113 3460 1184 3508 raro
1201 3441 1318 3507 frustra

226 3569 275 3616 me
296 3568 420 3632 operum
442 3551 665 3632 consumpsisse
694 3550 744 3616 uix
770 3569 846 3634 opus
870 3551 917 3616 est
938 3569 1070 3616 monere.
1113 3550 1218 3616 Tertio
1249 3550 1318 3617 loco

225 3659 424 3743 antiquitatis
446 3658 625 3725 testimonia
647 3677 861 3726 commemoro.
901 3658 986 3725 Licet
1001 3659 1082 3725 enim
1096 3677 1319 3744 nonnunquam

225 3788 260 3835 er
290 3768 430 3834 codicum
459 3767 634 3833 nostrorum
661 3767 801 3850 uestigiis
830 3767 860 3834 et
888 3787 924 3833 ex
949 3767 1136 3834 scholiorum
1169 3767 1319 3853 interpre-

224 3875 342 3944 tatione
366 3877 546 3943 concludere
567 3877 663 3942 aliam
689 3875 784 3940 luisse
807 3875 981 3960 antiquitus
1003 3873 1154 3942 traditam
1176 3877 1238 3943 loci
1260 3875 1318 3942 eli-

226 3986 313 4054 cuius
335 3985 620 4069 conformationem,
655 3986 703 4051 vel
725 3985 846 4065 menda,
877 4003 956 4068 quae
983 3983 1244 4069 interpolatorum
1268 3983 1318 4049 in·

230 4125 426 4134 ...κὴ-.-

327 4192 351 4258 1)
371 4189 503 4246 consuto
527 4190 557 4246 in
575 4192 636 4244 tcta
658 4189 711 4244 hac
735 4187 969 4246 commentatione
987 4187 1134 4258 Cyclopem
1159 4185 1318 4257 stipticum,

226 4305 312 4346 unum
329 4288 411 4343 liuius
428 4286 538 4360 generis
557 4285 724 4356 exemplum,
741 4284 895 4356 uaglagnm.
1327 4313 1332 4322 ·
