3080 4960
751 397 800 452 105

228 567 355 634 minime
375 567 556 644 artificioso,
587 569 639 636 sed
662 569 746 637 claro
775 571 806 636 et
826 569 929 636 lucido
954 589 1053 654 neque
1081 573 1189 636 contra
1218 587 1319 636 rerum

228 677 553 760 naturampugnante
573 679 742 760 praemisit.

327 785 403 850 licee
425 787 488 852 lere
509 787 603 852 nescii
633 788 671 854 ad
699 789 911 872 quaestionem
939 789 977 855 de
1005 805 1098 855 cansa
1123 789 1321 874 prologorum

229 891 472 974 llrrripidecrum,
496 896 577 962 unde
597 897 728 998 proiecti
751 916 882 979 eramus,
907 899 1106 965 revertimus:
1142 898 1245 964 soluta
1266 899 1322 976 est,

225 1019 321 1084 spero,
343 1002 439 1070 firmis
458 1005 490 1071 et
511 1025 590 1089 quae
612 1007 709 1073 oculis
731 1007 836 1073 videre
856 1007 931 1072 licet
953 1007 1155 1090 argumentis.

324 1111 411 1193 Quod
441 1113 531 1180 modo
561 1114 626 1180 dixi
653 1116 750 1181 etiam
779 1116 881 1198 magis
909 1115 1070 1199 apparebit
1095 1135 1140 1195 eo,
1174 1114 1255 1198 quod
1285 1113 1323 1178 de

226 1219 423 1305 prologcrum
445 1241 516 1287 cum
539 1225 647 1290 ceteris
669 1223 792 1290 fabulae
815 1225 956 1306 partibus
978 1243 1056 1290 nexu
1079 1243 1159 1290 nunc
1182 1223 1323 1306 disputa-

226 1331 316 1394 turus
345 1349 423 1394 sum.
472 1330 539 1395 Etsi
567 1333 631 1397 scio
662 1332 742 1398 banc
774 1332 985 1416 quaestionem
1018 1333 1120 1416 magis
1152 1333 1192 1399 ad
1223 1333 1321 1398 artem

227 1437 363 1521 ipsarum
392 1439 567 1505 tabidarum
602 1461 695 1524 quam
727 1443 926 1526 prologorum
956 1443 1116 1526 pertinere,
1148 1445 1254 1508 tamen
1285 1459 1323 1505 ne

226 1546 301 1631 qnid
322 1547 518 1628 desideratur,
544 1567 637 1631 quam
659 1549 839 1616 brevissime
861 1549 928 1616 fieri
949 1551 1062 1632 potest,
1085 1551 1237 1618 tractabo.

326 1655 494 1740 Prolognm
517 1655 556 1723 ab
577 1657 644 1722 arte
665 1656 839 1723 dramatica
866 1659 1032 1724 abhorrere
1060 1659 1161 1742 ipsum
1188 1660 1322 1725 vocabu-

226 1765 290 1830 lum
314 1765 423 1848 δρᾶμα
444 1766 548 1832 docet:
581 1767 616 1830 nt
637 1769 803 1850 agantur
823 1786 871 1833 res
892 1769 925 1832 in
947 1787 1067 1845 scaena,
1097 1787 1157 1833 non
1178 1769 1215 1834 ut
1235 1787 1322 1833 nar-

226 1876 370 1949 rentur,
405 1875 605 1960 postulamns.
649 1877 730 1942 lieri
753 1878 857 1942 tamen
879 1878 990 1960 potest,
1018 1879 1055 1942 ut
1075 1878 1222 1960 prologus
1243 1877 1321 1942 artis

226 1983 416 2050 dramaticaa
437 1984 558 2067 legibus
580 1987 802 2051 consentaneus
823 1986 880 2066 sit;
914 2004 1043 2068 persona
1065 1985 1146 2050 enim
1169 1985 1323 2070 προλογί-

227 2091 327 2172 toa-ca
347 2111 382 2157 ec
405 2093 495 2158 debet
516 2094 612 2158 animi
634 2095 720 2159 matu
744 2113 817 2174 essa,
840 2093 876 2158 ut
897 2092 937 2159 sd
957 2094 1156 2177 monolognm
1172 2113 1322 2177 propensa

226 2201 286 2274 sit3
306 2199 344 2264 iis
365 2201 522 2284 praeterea
541 2203 589 2266 uti
611 2201 702 2269 debet
723 2202 834 2281 verbis,
857 2221 936 2286 quae
957 2221 1027 2267 cum
1050 2201 1147 2267 animi
1169 2200 1234 2266 eius
1249 2221 1322 2267 con-

226 2309 346 2376 dicione
367 2312 571 2393 congruentia
593 2330 653 2378 non
673 2313 802 2396 epicum,
825 2313 878 2377 sed
897 2312 1053 2396 tragicum
1076 2331 1149 2394 prae
1169 2329 1201 2378 so
1220 2311 1322 2377 lerant

227 2419 368 2485 colorem.
413 2419 489 2501 eris
511 2421 700 2504 vituperabit
722 2420 865 2504 prologos
888 2420 1159 2501 Trachiniarum1)
1182 2429 1213 2486 et
1233 2420 1321 2486 Terei
1384 2493 1388 2500 ,

227 2528 491 2611 Sophoclcsrum?

326 2638 394 2704 lllis
414 2641 517 2704 autern
541 2639 660 2722 legibus
679 2640 762 2704 inter
785 2657 890 2704 omnes
911 2639 1056 2723 prologos
1071 2638 1252 2723 Euripidem
1267 2639 1323 2705 ad·

227 2747 354 2812 strictus
376 2749 422 2813 est
446 2767 524 2813 unus
544 2748 679 2814 Medeae.
724 2748 838 2814 Nutrix
867 2749 1030 2832 prologum
1057 2749 1179 2826 recitat,
1212 2747 1323 2814 mulier

225 2855 256 2920 ct
267 2857 386 2922 servitii
400 2856 608 2922 diuturnitate
620 2856 662 2941 (r.
676 2859 730 2939 49)
746 2858 777 2921 et
792 2857 888 2924 animi
903 2858 963 2923 fids
973 2857 1016 2941 (s.
1029 2855 1137 2942 54sq.)
1146 2876 1217 2925 cum
1231 2856 1323 2923 domo

227 2965 340 3030 Aeetae
361 2967 536 3032 coniuncta.
579 2967 651 3050 Ipsa
674 2985 734 3032 non
757 2966 892 3050 ignorat,
925 2967 1078 3050 quantum
1104 2965 1322 3032 beneficiorum

226 3073 332 3140 Medea
354 3075 458 3141 lasoni
488 3076 642 3160 tribuerit,
676 3095 769 3159 qnam
799 3077 961 3160 ingratum
987 3075 1038 3142 hic
1063 3094 1096 3141 ss
1122 3072 1323 3160 praestiterit.

227 3183 319 3248 Videt
341 3185 481 3250 animum
502 3185 627 3252 Medeae
651 3187 770 3252 iratum
792 3187 823 3251 et
845 3185 928 3252 mala
949 3185 1131 3250 minantem.
1163 3181 1323 3248 Consolari

224 3291 344 3368 studet;
366 3293 548 3376 repudiatur
561 3295 603 3380 (ι.
618 3297 658 3361 28
668 3295 740 3379 sp).
762 3293 844 3376 Quid
859 3295 958 3378 igitur
970 3293 1090 3360 iamet?
1112 3291 1200 3356 Nihil
1214 3291 1321 3370 restat,

225 3419 319 3482 qnam
347 3405 383 3466 ut
411 3420 513 3469 secum
547 3402 780 3470 comminaretur
811 3401 955 3467 dominae
987 3399 1211 3479 calamitatem,
1244 3415 1324 3482 quae
1465 3393 1478 3402 ‘

225 3525 281 3574 sna
291 3509 385 3575 simul
402 3511 459 3588 est,
481 3509 539 3588 rel,
562 3513 598 3575 ut
614 3510 683 3593 ipsa
697 3508 775 3573 dicit
786 3528 815 3573 ι.
827 3508 867 3572 57
878 3527 934 3591 sp,
959 3508 996 3574 ut
1010 3524 1080 3573 cum
1092 3505 1177 3572 caelo
1194 3505 1226 3571 a
1239 3506 1323 3572 terra

225 3617 441 3682 communicet.
471 3616 555 3682 Satis
577 3619 683 3684 autam
704 3615 824 3698 tragice
844 3615 969 3682 institui
990 3615 1071 3682 hanc
1092 3613 1225 3680 nutricis
1239 3629 1323 3679 com-

226 3723 454 3790 miserationem
485 3745 589 3794 omnes
618 3725 765 3792 clamant.
816 3717 958 3792 Piorime
984 3723 1136 3790 accedunt
1162 3723 1324 3807 Hippolyti

224 3834 255 3900 et
276 3834 458 3918 supplicum
485 3836 621 3922 prologi:
661 3833 789 3900 Veneris
817 3836 922 3901 irael
952 3834 1125 3919 supplicum
1161 3831 1326 3900 calamitas

220 3962 335 4010 causac
350 3943 587 4028 monologorum
608 3947 690 4012 sunt.
734 3943 891 4011 Secuntur
917 3944 1038 4028 prologi
1060 3941 1198 4027 Telephi,
1232 3941 1326 4008 Alce·

227 4149 256 4156 .--
265 4148 337 4158 ,-ι-
341 4145 424 4156 ...—

326 4285 350 4352 1)
370 4281 414 4338 Do
432 4283 547 4338 maculis
567 4284 650 4342 buius
668 4281 777 4356 prologi
797 4301 871 4340 nunc
887 4299 943 4338 non
961 4299 1025 4354 ago.
