3080 4960
734 445 769 498 65

203 617 342 684 locastae
362 633 472 698 gravoe
495 615 598 697 partes
615 612 742 691 tribuit;
765 611 841 695 quin
857 612 952 679 otiam
967 614 1108 680 locastae
1123 633 1185 682 non
1199 617 1302 682 minus

203 745 297 810 quam
313 724 446 790 Eteoelis
459 725 491 789 et
505 721 663 806 Polynicis
685 722 841 804 tragicam
856 723 988 788 mortem
1011 721 1166 800 videmus;
1190 727 1301 792 neutra

204 853 332 917 persona
353 833 387 898 in
401 831 546 916 Aeschyli
569 831 677 898 fabula
693 829 840 896 Thebana
862 833 1001 914 apparet.
1034 833 1103 898 Iam
1125 853 1195 900 cum
1210 834 1303 900 linri-

203 943 289 1029 pides
310 944 342 1008 iu
362 941 498 1025 prologis
521 941 710 1023 spectatores
733 938 771 1005 de
791 958 895 1004 earum
917 959 1118 1023 personarum
1133 942 1207 1008 fatis
1223 961 1302 1026 quae

204 1052 363 1136 graviores
383 1053 487 1134 partes
506 1050 606 1133 agunt
629 1049 774 1114 certiores
799 1049 901 1115 lacere
922 1049 1022 1116 soleat
1030 1050 1060 1132 ¹),
1095 1051 1207 1117 hocin
1231 1070 1302 1135 pro-

203 1159 275 1245 logo
297 1179 359 1225 uon
380 1160 481 1225 solum
502 1157 540 1223 de
562 1158 686 1224 Eteocle
707 1159 740 1223 et
760 1157 917 1242 Polynice,
943 1159 996 1224 sed
1018 1159 1113 1225 etiam
1134 1159 1171 1225 de
1185 1160 1301 1243 Oedipo

203 1272 235 1335 et
256 1269 380 1336 Iocasta
401 1266 557 1334 disseruit.
599 1267 688 1348 Quod
711 1267 765 1351 qui
788 1268 897 1332 melius
922 1268 955 1332 et
982 1269 1096 1334 clarius
1122 1269 1188 1334 fieri
1210 1270 1302 1353 potu·

204 1380 273 1458 erit,
294 1396 388 1462 quam
411 1378 446 1442 ut
467 1375 841 1460 Iocastanpoioyn'coooo
859 1396 982 1443 onmem
994 1377 1102 1460 Oedipi
1120 1378 1152 1442 ot
1165 1377 1303 1444 filiorum

205 1489 271 1554 eius
301 1487 464 1554 historiam
497 1505 594 1570 usque
626 1487 667 1553 ad
700 1487 797 1570 ipsius
827 1486 1006 1570 tragoediae
1036 1485 1164 1552 initium
1195 1486 1302 1554 ordine

204 1596 328 1662 enarret
348 1597 390 1674 (v.
405 1595 550 1676 10-83),
572 1613 630 1679 ego
652 1613 712 1660 non
732 1595 831 1662 rideo.
875 1596 986 1679 Itaque
1005 1593 1039 1658 in
1054 1595 1159 1660 nostro
1173 1594 1302 1679 prologo

205 1705 366 1788 Euripides
387 1705 468 1770 idom
493 1704 576 1784 facit,
611 1704 693 1788 quod
715 1705 748 1769 in
771 1704 895 1780 ceteris3
931 1704 989 1770 hoc
1010 1722 1107 1769 unum
1135 1703 1303 1769 conceden-

205 1813 279 1880 dum
301 1816 348 1880 eet
368 1813 492 1898 singula
514 1813 618 1896 paullo
632 1814 756 1879 brevius
771 1813 910 1878 enarrari
924 1813 1069 1896 potuisse.
1092 1812 1302 1878 Praemissum

205 1925 311 1988 autem
332 1923 379 1988 est
400 1921 573 1988 narrationi
593 1921 750 1988 exordium
770 1921 808 1986 de
828 1919 937 2004 Oedipi
955 1921 1127 1987 maioribus
1140 1921 1184 2002 (v.
1197 1921 1303 2000 1-9),

205 2032 361 2098 subiectae
382 2033 455 2096 sunt
477 2031 617 2097 locastae
639 2049 743 2115 preces
766 2050 821 2114 pro
844 2031 1011 2098 liberorum
1033 2030 1134 2096 salute
1155 2030 1199 2112 (u.
1220 2031 1304 2098 84-

207 2141 270 2220 87).
306 2176 347 2187 -
384 2139 497 2204 Paucis
533 2119 695 2222 adspersu‘s
733 2142 779 2205 est
815 2139 961 2223 prologus
994 2142 1098 2206 noster
1134 2139 1304 2226 interpola·

205 2251 358 2326 tionibus;
401 2269 480 2334 quae
513 2268 619 2314 omnes
648 2249 729 2314 hanc
761 2249 799 2314 ob
827 2268 954 2316 eausam
985 2249 1124 2316 intmsae
1153 2249 1236 2328 sunt,
1269 2249 1305 2314 ut

207 2377 285 2443 quae
315 2360 454 2426 omisisse
484 2358 649 2424 videbatur
673 2360 764 2442 poeta
792 2358 842 2422 vel
869 2377 931 2424 nou
960 2358 1037 2424 satis
1058 2359 1163 2442 aperto
1184 2375 1305 2440 expres·

206 2469 290 2548 sisse,
311 2469 402 2553 plane
423 2469 571 2552 pleneque
591 2465 776 2532 dicerentur.
819 2466 927 2532 Veluti
950 2485 979 2532 v.
1002 2468 1041 2532 27
1063 2466 1185 2534 addidit
1206 2465 1304 2532 inter-

208 2577 336 2659 polator,
358 2577 440 2660 quod
462 2594 573 2642 nomen
596 2574 714 2657 Oedipi,
738 2594 767 2640 v.
781 2575 831 2653 51,
854 2573 937 2657 quod
958 2593 1091 2659 regnum
1113 2577 1188 2658 eius,
1210 2577 1303 2656 v.OO,

209 2687 287 2769 quod
310 2687 482 2752 subiectum
501 2683 713 2760 desiderabam
737 2685 792 2750 hos
814 2684 946 2768 explosit
962 2684 1210 2754 Valckenaerius.
1252 2684 1304 2752 si·

209 2796 290 2862 milis
319 2796 366 2862 est
393 2815 422 2862 v.
453 2796 491 2860 11
524 2792 664 2860 condicio
690 2815 709 2860 a
731 2793 894 2862 Dindorfio
923 2795 1079 2862 damuati:
1115 2793 1301 2862 vocabulum

205 2906 283 2986 μιᾶς
303 2905 434 2971 absurde
459 2903 642 2986 usurpatum
665 2904 696 2969 et
718 2904 812 2970 verba
833 2903 969 2970 Eteoelis
991 2924 1019 2970 v.
1042 2905 1102 2968 691

380 3037 527 3122 Κρέοντ’,
549 3028 693 3122 ἀδελφὸν
714 3030 838 3122 μητρὸς
858 3028 1018 3121 Ἰοκάστης
1040 3030 1132 3123 ἐμῆς,

208 3195 268 3260 quo
288 3175 356 3242 loco
378 3175 476 3242 Oreon
498 3173 632 3255 primum
656 3173 924 3250 commemoratur,
946 3169 1138 3255 suppositum
1155 3189 1219 3237 esse
1233 3188 1305 3254 pro·

207 3281 273 3366 logi
298 3301 419 3347 versum
448 3279 595 3346 clamant.
630 3315 670 3326 —
702 3277 763 3346 Sed
784 3278 904 3346 duobus
926 3278 1012 3358 loeis,
1041 3280 1153 3363 quibus
1175 3279 1307 3346 Valolro-

209 3391 330 3456 naerius
351 3389 460 3468 haesit,
482 3391 558 3472 puto
579 3389 675 3455 etiam
699 3389 778 3455 alios
799 3407 906 3455 versus
934 3407 996 3456 una
1025 3407 1089 3455 esse
1120 3387 1305 3455 abiciendus.

209 3499 255 3565 Ac
275 3500 411 3582 primum
433 3496 557 3581 quidem
577 3498 691 3564 damno
713 3517 743 3562 v.
766 3499 807 3563 26
831 3565 835 3574 ,

371 3631 508 3720 σφυρῶν
529 3630 646 3714 σιδηρᾶ
668 3630 783 3716 κέντρα
806 3631 979 3716 διαπείρας
998 3629 1143 3716 μέσων)

208 3770 332 3851 propter
359 3768 487 3834 verbum
515 3764 712 3849 ὁιαπείρειν,
745 3767 827 3852 quod
856 3767 939 3851 apud
968 3768 1152 3852 posteriores
1181 3765 1305 3831 demum

208 3873 373 3957 scriptores
395 3874 494 3956 (Plut.
517 3875 624 3940 Artax.
649 3875 697 3940 14.
722 3873 859 3958 Alciphr.
873 3875 917 3938 1v
933 3877 974 3942 36
988 3873 1060 3958 eto.)
1083 3873 1210 3960 legitur.
1245 3871 1305 3940 Sed

311 4143 338 4212 l)
357 4143 398 4198 Os.
418 4143 549 4215 prologos
567 4143 723 4216 Hippolyti,
741 4143 879 4214 Herculio,
897 4142 1035 4212 Hecubae,
1055 4143 1140 4200 lonis.

308 4242 336 4312 2)
354 4239 400 4298 Βία
421 4240 513 4296 scribo
534 4257 587 4312 pro
611 4243 710 4315 μέσον,
737 4241 813 4312 quod
831 4246 943 4313 praeter
961 4240 1021 4296 nod.
1040 4239 1126 4297 Mara
1147 4257 1242 4296 omnen
1261 4257 1305 4296 ex·

210 4335 314 4392 hibent
353 4337 384 4393 lu
403 4337 489 4394 Mero
508 4343 649 4408 postrema
668 4338 775 4410 syllaba
794 4338 914 4394 ermuit

1088 4435 1105 4486 O
