3080 4960
741 407 790 464 108

215 539 289 648 ‘tum
307 583 454 664 temporis
476 582 597 646 unitate
618 580 846 664 quodammodo
868 581 1064 658 cohaereant,
1093 601 1172 666 quae
1192 582 1229 648 de
1249 581 1311 648 Po·

219 689 327 776 lydoro
357 691 388 758 et
408 689 562 776 Polyxena
594 691 723 773 postea
754 690 831 756 fient
858 691 890 756 et
920 689 985 756 illis
1016 691 1246 760 narrationibus
1275 689 1312 755 ut

220 797 426 867 fundamento
458 799 598 878 utuntur,
634 799 838 866 necessarium
867 799 915 865 est
942 797 1031 865 illum
1054 817 1165 866 nexum
1187 799 1221 865 in
1242 817 1313 884 pro·

219 909 290 993 logo
321 907 391 992 ipso
416 907 558 976 indicari.
611 907 671 975 Sed
703 907 859 992 quomodo
891 907 1049 992 praedicta
1075 910 1149 976 sunt
1181 908 1313 976 futura?

219 1016 298 1084 Tam
319 1035 409 1100 parce
430 1018 461 1084 et
482 1019 581 1100 cauto,
614 1019 650 1084 ut
671 1019 857 1102 spectatores
878 1017 1039 1102 voluptate
1059 1017 1243 1102 spectandae
1264 1018 1312 1085 ia·

219 1125 310 1192 bulae
330 1126 458 1193 minime
479 1125 672 1193 fraudentur.
716 1125 809 1192 Cadit
829 1127 929 1210 igitur
954 1127 1055 1202 omnis
1084 1127 1141 1192 illa
1171 1127 1311 1211 quaestio

219 1236 260 1302 ab
279 1235 357 1302 artis
377 1235 515 1319 tragicae
536 1235 690 1302 iudicibus
710 1255 824 1320 magno
839 1254 909 1303 oum
924 1236 1028 1303 studio
1039 1237 1188 1318 tractata,
1205 1237 1310 1303 utrum

107 1335 111 1340 ’
219 1343 382 1428 Euripides
391 1361 437 1422 eo,
458 1343 539 1428 quod
562 1361 783 1430 nonnunquam
797 1345 831 1410 in
845 1344 983 1430 prologis
996 1345 1103 1412 futura
1118 1345 1311 1430 praedixerit,

219 1453 319 1519 artam
342 1453 584 1536 pessumdederit
605 1471 713 1522 neone:
746 1473 905 1540 nunquam
927 1453 1090 1539 Euripides
1116 1455 1148 1520 in
1175 1454 1312 1539 prologis

218 1559 342 1628 fabulae
362 1561 458 1646 ipsius
479 1563 699 1646 argumentum
713 1563 881 1648 praedixit3
902 1564 1006 1648 siqua
1019 1563 1156 1630 delibare
1170 1561 1311 1640 debebat,

218 1671 285 1736 tam
306 1669 387 1737 teoto
409 1671 440 1737 et
461 1673 552 1738 caute
573 1671 656 1752 iecit,
678 1673 715 1738 ut
736 1671 937 1740 nibilominus
957 1672 1145 1756 spectatores
1158 1671 1191 1738 in
1205 1669 1313 1738 tabida

219 1779 286 1862 ipsa
307 1797 432 1865 prorsus
452 1799 533 1847 nova
553 1779 704 1848 uiderent
747 1780 848 1863 Quam
871 1781 993 1865 egregie
1013 1780 1090 1847 baec
1110 1777 1313 1864 quadrantis

219 1889 341 1972 poetam
362 1883 615 1974 apaycauiscror!

318 1996 475 2082 Prologi
504 1997 685 2066 narratio
714 2017 902 2083 nunquam
932 1997 1226 2084 interrumpitur
1256 2017 1314 2066 re·

220 2105 291 2173 bus
311 2107 457 2175 alionis.

320 2217 407 2286 Haeo
428 2218 510 2285 onim
531 2221 578 2286 est
601 2237 693 2286 eausa
714 2220 779 2286 eius
798 2218 912 2298 finalis,
944 2217 981 2284 ut
1000 2219 1189 2303 spectatores
1208 2217 1246 2285 de
1267 2218 1316 2284 hi·

221 2325 319 2392 storia
340 2325 465 2395 tabulae
487 2327 569 2396 clare
590 2328 725 2396 edoceat.
768 2327 976 2410 Quamobrem
998 2326 1159 2412 Euripides
1183 2325 1217 2392 in
1244 2344 1315 2410 pro-

220 2437 363 2518 logorum
385 2455 511 2520 corpore
525 2457 544 2504 a
560 2436 667 2515 diotis,'
683 2435 795 2521 quibus
817 2435 888 2502 aliis
907 2435 1142 2520 tragoediarum
1161 2435 1238 2503 locis
1259 2435 1315 2502 ab·

219 2544 327 2624 undat,
358 2563 483 2630 prorsus
503 2545 656 2611 abstinuit
665 2545 697 2626 ¹).
739 2543 814 2610 Tres
836 2543 897 2610 looi
919 2543 1141 2627 obstrepentes:
1161 2543 1243 2610 Med.
1265 2543 1314 2609 14.

221 2655 270 2734 15,
294 2654 389 2738 Hipp.
412 2656 440 2721 7.
458 2657 479 2722 8
500 2654 545 2740 (p.
561 2656 624 2736 13),
649 2654 761 2722 Troad.
782 2655 832 2722 26.
854 2655 894 2721 27
916 2653 1082 2737 (ptBsq.)
1103 2652 1192 2720 obelo
1211 2651 1313 2718 notati

218 2763 301 2830 sunt.
323 2798 363 2810 -
386 2765 434 2831 No
454 2783 505 2832 aas
527 2763 652 2849 quidem
674 2763 852 2848 mytborum
874 2764 988 2847 partos,
1010 2779 1090 2846 quae
1111 2759 1150 2826 ad
1171 2777 1236 2826 rem
1251 2778 1313 2826 non

220 2873 384 2958 pertinent,
406 2891 544 2958 unquam
566 2872 709 2940 admisit:
736 2872 796 2938 riri
818 2872 903 2938 docti
923 2872 956 2937 ot
978 2887 1035 2954 ego
1056 2869 1200 2936 eiecimus
1219 2868 1313 2953 Hipp.

218 2983 353 3062 att-33,
383 2983 450 3050 Ion.
473 2984 596 3050 20-27
630 2985 674 3066 (p.
696 2985 736 3048 41
759 2985 830 3068 sp),
871 2982 941 3050 Hei
961 2981 1086 3048 35-43
1118 2977 1161 3064 (p.
1183 2979 1223 3044 59
1245 2981 1314 3062 sp),

219 3093 286 3176 Ipb.
307 3091 403 3160 Taur.
424 3095 466 3160 20
486 3093 561 3161 dim.
592 3129 634 3142 -
662 3093 704 3159 24
724 3092 800 3158 dim.
826 3093 868 3176 (p.
890 3094 930 3158 61
953 3089 1024 3176 sp),
1059 3089 1174 3156 Pboou.
1200 3088 1251 3154 26.
1273 3087 1314 3152 27

219 3205 262 3287 (p.
277 3205 318 3269 65
331 3205 402 3286 su),
423 3205 473 3270 51.
497 3205 549 3288 52,
569 3203 622 3271 Or.
648 3203 770 3268 12-15
793 3203 836 3287 (p.
852 3203 894 3268 69
908 3203 979 3284 sq.).
996 3234 1035 3247 -
1059 3198 1135 3264 ures
1157 3196 1314 3282 praeterea

219 3313 406 3379 removimus
420 3312 626 3397 etymologias
640 3312 723 3378 male
735 3310 924 3378 inculcatas:
948 3305 1060 3374 Troad.
1079 3308 1128 3372 13.
1146 3306 1185 3370 14
1195 3303 1240 3388 (p.
1250 3304 1315 3386 47),

220 3419 290 3488 Hei.
301 3419 403 3487 9-11
427 3423 468 3506 (p.
491 3423 530 3488 57
552 3420 712 3504 sq.),1ph.
735 3419 829 3486 Taur.
852 3419 977 3484 31-33
999 3416 1041 3500 (p.
1062 3416 1105 3481 62
1124 3411 1194 3499 sp).

317 3529 472 3614 Prologi
494 3528 684 3598 conclusio
706 3527 750 3594 ad
773 3545 970 3612 personam
993 3521 1317 3608 προλογίζουσαν

221 3638 414 3720 pertinet;
436 3641 500 3705 aut
523 3639 628 3706 tacta
648 3637 718 3702 aut
740 3635 993 3721 cogitationes
1022 3633 1107 3698 eius
1136 3630 1317 3698 eontinet.

221 3744 409 3813 Interdum
432 3765 472 3814 ea
494 3765 653 3832 persona
673 3743 878 3825 indicatur,
902 3761 994 3829 quae
1015 3741 1105 3828 post
1120 3739 1315 3824 prologum

221 3960 419 3976 ..ιι-1.·-

323 4107 350 4176 1)
368 4104 558 4176 Reperiuntur
575 4103 653 4162 diota
671 4103 700 4158 in
718 4100 801 4158 initio
820 4104 847 4156 at
866 4098 921 4156 fine
944 4097 1133 4172 protogenem.
1170 4091 1252 4146 Prius
1274 4107 1318 4146 ao·

222 4203 291 4262 cidit
312 4203 343 4260 in
360 4201 582 4270 Heraciidaruru,
609 4197 798 4256 Stheneboeae
820 4195 867 4268 (ir.
887 4197 959 4268 ddi),
988 4191 1102 4262 oratis,
1129 4189 1268 4264 portarium
1288 4189 1318 4246 in

223 4299 383 4372 Supplicem
402 4303 431 4354 et
449 4297 554 4354 Orestis
573 4295 707 4368 prologis.
