3080 4960
756 437 797 492 10.

535 660 564 724 2.
606 658 657 724 De
677 657 826 726 Medeae
847 659 1012 742 prologo.

324 817 462 884 Medeam
479 817 617 884 fabulam
632 817 832 900 superstitum
844 817 1081 902 Euripideamm
1092 817 1123 882 et
1133 817 1317 901 argumento

225 927 503 1010 splendidissimam
526 927 558 992 et
577 927 725 992 sermonis
746 925 813 992 arte
834 927 967 1018 maxime
981 927 1155 993 absolutam
1171 943 1236 992 esse
1251 943 1317 991 om·

227 1055 279 1102 nes
300 1034 444 1101 clamant.
486 1034 575 1101 Siout
599 1036 702 1101 autem
724 1035 830 1100 fabula
852 1036 933 1102 inter
956 1035 1088 1118 fabulas,
1108 1035 1154 1099 ita
1172 1035 1318 1116 prologus

225 1145 307 1211 inter
327 1144 470 1228 prologos
492 1143 681 1227 singularem
705 1145 790 1210 tenet
814 1143 932 1211 locum:
966 1161 1063 1227 neque
1090 1145 1171 1209 certe
1192 1143 1317 1208 aarum

172 1311 175 1322 ,
225 1252 466 1337 reprehensionis
492 1253 524 1318 et
547 1252 676 1319 ludibrii
703 1252 912 1330 concitassent
942 1252 1063 1336 prologi
1088 1251 1254 1335 daupidai,
1291 1251 1318 1316 si

150 1380 155 1390 ·
226 1380 331 1429 omnes
358 1362 436 1428 tales
469 1362 578 1442 assent,
612 1362 713 1446 qualis
734 1363 780 1427 est
801 1361 935 1427 Medeae.
981 1361 1069 1442 Quod
1095 1360 1319 1428 animadvertit

226 1470 450 1554 Aristophanes
471 1471 650 1555 Byzantius,
674 1471 728 1553 qui
748 1470 793 1536 sie
813 1470 847 1535 in
868 1469 1064 1554 argumento:
1088 1467 1268 1534 inaceriam
1281 1465 1317 1533 δὲ

226 1577 246 1667 ἡ
267 1575 399 1665 εἰσβολὴ
426 1573 480 1644 διὰ
504 1573 542 1643 rei
563 1579 757 1664 παθητικῶς
779 1570 857 1664 dyas
885 1575 969 1660 ἔχειν
990 1577 1044 1644 καὶ
1065 1574 1084 1668 ἡ
1107 1576 1318 1662 ἐπεξεργασία

230 1689 319 1774 ,μηδ’
351 1687 384 1754 ἐν
412 1683 563 1755 νάπαισι“
595 1689 649 1754 καὶ
670 1685 711 1754 τὰ
741 1684 823 1778 ἑξῆς.
865 1689 970 1774 Atque
1003 1689 1097 1756 etiam
1131 1688 1318 1755 luculentius

226 1817 320 1883 quam
341 1798 374 1864 in
396 1797 553 1864 Alcestide
573 1780 765 1882 tripertitum
788 1817 852 1864 esse
871 1797 1033 1882 prologum
1053 1798 1190 1881 apparet.
1211 1796 1318 1862 Prima

225 1909 307 1974 enim
329 1926 400 1991 pars
424 1907 561 1974 continet
581 1925 609 1972 r.
635 1908 745 1986 1-16,
769 1908 880 1990 ortibus
902 1907 968 1974 iata
989 1907 1110 1972 Iasonis
1131 1906 1163 1972 et
1184 1903 1318 1983 Medeae,
1414 1967 1419 1978 ,

226 2017 393 2100 antequam
407 2015 589 2082 Corinthum
611 2016 769 2094 venerunt,
792 2016 1002 2098 exponuntur3
1023 2016 1121 2081 altera
1136 2033 1232 2098 eaque
1246 2031 1319 2097 gra·

121 2149 123 2156 ¹
226 2126 353 2191 sissima
374 2145 403 2190 v.
426 2126 557 2204 17-36,
591 2125 702 2209 quibus
725 2123 799 2208 quid
822 2123 963 2189 Corinthi
992 2143 1089 2208 usque
1116 2124 1319 2205 adpraesens

226 2236 348 2316 tempus
368 2234 462 2299 Iason
482 2234 514 2298 et
534 2232 642 2299 Medea
670 2232 769 2316 egerit
797 2231 976 2307 enarratum
1010 2233 1105 2298 tertia
1133 2249 1204 2315 pars
1236 2249 1320 2298 eom·

95 2363 97 2371 ’
226 2342 577 2426 plect1tu1·v'.37-48‚
612 2341 723 2424 quibus
750 2340 856 2404 nutrix
881 2340 1008 2406 timores
1035 2359 1225 2425 angoresqne
1248 2359 1319 2406 suos

227 2451 365 2517 declarat
387 2452 418 2517 et
439 2450 606 2516 adrentum
628 2449 795 2515 liberorum
817 2448 943 2515 Medeae
968 2449 1101 2515 nuntiat.
1124 2485 1164 2494 -
1186 2449 1320 2515 Addita-

227 2561 340 2626 mentis
365 2560 468 2626 autem
492 2559 750 2626 commaculatam
779 2577 843 2624 esse
871 2558 1062 2641 praeclaram
1083 2558 1164 2624 bane
1190 2556 1320 2624 nutricis

228 2669 397 2735 orationem
420 2670 482 2736 iam
504 2667 558 2733 diu
579 2667 637 2734 viri
661 2667 746 2733 docti
768 2668 987 2750 cognoverunt.
1021 2667 1151 2732 Initium
1165 2666 1320 2750 purgandi

228 2778 297 2862 post
318 2763 533 2861 Musgravium
560 2777 636 2842 fecit
658 2777 696 2842 N.
719 2777 754 2841 M.
778 2775 823 2842 St.
844 2776 861 2841 I
886 2795 915 2858 p.
940 2777 1009 2855 108,
1042 2774 1095 2858 qui
1117 2795 1146 2841 v.
1168 2775 1218 2840 40.
1241 2773 1280 2839 41
1304 2793 1320 2840 e

227 2907 257 2952 v.
277 2887 348 2952 379.
371 2887 413 2951 80
434 2888 466 2951 in
488 2885 650 2968 prologum
672 2883 899 2966 transscriptos‚
932 2904 962 2950 v.
984 2885 1033 2949 42.
1053 2884 1094 2949 43
1123 2883 1162 2948 ab
1184 2883 1321 2966 interpo-

227 2996 326 3063 latore
346 2995 435 3061 fictos
461 3013 525 3060 esse
552 2994 695 3060 ostendit.
737 2993 795 3058 His
828 2993 933 3058 curtem
964 2991 1073 3058 deletis
1106 2991 1320 3074 praecedentes

229 3107 278 3171 38.
302 3107 342 3170 39
363 3105 448 3170 nullo
469 3105 560 3170 modo
581 3104 663 3170 stare
676 3117 765 3186 'posse
779 3102 950 3185 probarunt
962 3101 1001 3167 G.
1013 3099 1192 3166 Dindorfius
1205 3099 1320 3184 (Sobel.

227 3216 260 3281 in
282 3215 355 3280 Eur.
377 3215 422 3279 IV
446 3233 474 3298 p.
497 3211 572 3297 266)
601 3215 631 3279 et
654 3213 884 3278 Heimsoethius
915 3211 996 3295 (Iud.
1018 3210 1113 3276 schol.
1135 3211 1234 3275 Bona.
1257 3209 1320 3275 hib.

230 3325 550 3408 resultantes).
594 3323 702 3390 causis
724 3323 838 3421 aptam,
871 3322 982 3405 quibus
1016 3311 1172 3404 ἀθέτησις
1199 3318 1320 3397 nititur,

227 3436 292 3518 ipse
313 3453 407 3498 unam
429 3433 552 3512 addam,
574 3451 743 3517 pronomen
763 3424 857 3516 τήνδε
880 3449 909 3494 r.
932 3431 972 3496 39
994 3430 1121 3495 tolerari
1142 3447 1203 3495 non
1225 3446 1322 3512 posse.

228 3544 321 3609 Nam
344 3542 384 3607 in
406 3541 573 3625 prologis
595 3541 693 3607 hanc
714 3541 789 3606 sibi
808 3539 927 3623 legem
951 3538 1092 3604 statuit
1114 3536 1321 3620 Euripides,

72 3705 92 3736 ,
228 3653 271 3716 ut
292 3652 367 3716 isto
390 3649 619 3733 pronomine,
652 3650 714 3715 ubi
744 3669 828 3715 cum
856 3666 1094 3732 personarum
1122 3647 1190 3712 aut
1221 3647 1319 3712 leco·

227 3777 307 3826 rum
343 3760 556 3826 nominibus
595 3759 851 3842 coniungitur,
895 3775 1069 3842 personas
1111 3757 1151 3823 in
1190 3775 1321 3822 scaena

211 3872 443 3954 'praesentes
469 3869 533 3935 aut
554 3869 677 3934 lecum
700 3867 976 3951 spectatoribus
1001 3866 1234 3948 propositum
1258 3863 1321 3928 de·

230 3980 408 4064 signaret.
453 3979 498 4045 At
516 3978 621 4043 nostro
644 3977 711 4042 loco
732 3975 840 4042 Medea
860 3976 894 4040 in
915 3994 1026 4041 scaena
1048 3994 1109 4041 non
1131 3975 1186 4040 est.
1220 3973 1321 4054 Quare

229 4088 397 4154 abiciamus
425 4084 626 4162 coniecturas,
660 4101 737 4166 quas
769 4081 874 4165 Suppl.
904 4081 943 4145 17
972 4081 1069 4148 fecere
1099 4081 1321 4164 grammaticus
1381 4150 1383 4159 ,
1513 4083 1516 4090 ’

229 4197 431 4283 Byzantinus,
453 4195 505 4268 K„
526 4193 566 4260 N.
