3080 4960
355 579 427 672 ἥκοι
450 583 486 652 δι’
507 582 662 675 „tripode
685 581 812 668 τούσδε,
840 591 897 676 γῆς
915 587 957 653 ἵν’
980 577 1138 674 ὀμφαλὸν,

206 711 300 778 qnam
322 695 542 776 coniecturam,
565 697 602 762 nt
622 696 661 762 de
682 697 790 764 oeteris
812 699 913 764 oausis
933 699 1064 782 taceam,
1087 697 1182 764 etiam
1197 715 1302 763 versus

206 821 331 870 oaesura
354 804 559 872 commendat.
576 843 614 854 —
631 807 819 890 Desperatus
840 808 980 891 sequitur
1001 806 1088 872 loeus
1101 806 1174 872 inde
1187 825 1206 872 a
1221 825 1251 870 r.
1267 805 1301 882 83

206 914 294 980 onius
316 931 387 980 oum
408 913 510 997 prima
532 917 626 982 uerba
647 916 766 999 optima
794 916 858 982 sint
886 918 917 982 et
938 915 1086 999 Euripide
1107 914 1300 998 dignissima,

205 1025 308 1089 estora
328 1024 369 1090 ab
388 1023 610 1107 interpolatore
637 1023 773 1092 dilatata
802 1043 866 1091 esse
891 1024 1061 1091 rectissime
1093 1022 1240 1108 oognorit
1272 1023 1304 1088 et

205 1130 350 1214 probauit
370 1132 534 1199 Usenerus.
578 1131 732 1214 Quoniam
753 1133 859 1198 autem
882 1133 984 1197 omnis
1005 1131 1138 1215 suspirio
1161 1129 1246 1196 eadit
1269 1131 1304 1196 in

204 1257 274 1306 eam
294 1241 414 1324 partem
436 1241 619 1317 sententiae,
647 1260 727 1326 quae
747 1241 876 1308 initium
899 1242 985 1325 oapit
1006 1261 1025 1307 a
1046 1242 1196 1307 vooabnlo
1220 1235 1305 1305 ἔνθα

205 1367 234 1414 r.
260 1351 307 1428 11,
329 1350 405 1416 haeo
424 1350 493 1434 ipsa
514 1350 609 1416 verba
628 1349 860 1434 interpolatoris
882 1369 948 1416 esse
968 1349 1082 1416 iudioo.
1124 1349 1212 1416 Idem
1225 1349 1304 1414 mihi

203 1457 333 1542 probare
355 1458 479 1526 videtur
499 1459 611 1526 horum
632 1479 776 1526 versuum
793 1460 976 1535 eonsilium
998 1459 1106 1542 soripti
1128 1460 1211 1526 enim
1232 1459 1306 1524 sunt

203 1567 296 1634 danti
319 1587 348 1633 v.
369 1569 431 1634 937
452 1568 624 1635 certissime
644 1569 776 1652 spurius,
810 1570 847 1634 ut
872 1587 968 1652 quam
995 1567 1231 1635 accuratissime
1252 1585 1307 1650 ap-

204 1677 323 1760 pareat,
344 1695 405 1761 quo
426 1677 494 1744 looo
517 1677 631 1746 Creusa
652 1679 760 1744 Ionem
782 1678 967 1761 conceperit,
989 1677 1022 1743 id
1045 1677 1127 1761 quod
1150 1675 1232 1757 apud
1256 1693 1307 1740 eos

204 1785 400 1868 spectatores,
422 1787 477 1870 qni
487 1786 630 1852 Athenas
645 1805 706 1852 non
722 1792 883 1868 noverant,
905 1785 1110 1850 necessarium
1125 1782 1305 1850 videbatur:

204 1893 447 1962 Atheniensibus
467 1896 499 1962 et
512 1914 542 1961 r.
558 1895 620 1962 936
635 1894 667 1960 et
685 1895 790 1961 nostro
812 1895 881 1960 loeo
898 1886 1085 1978 Καιρόπιαι
1099 1890 1217 1973 πέτραι
1239 1890 1305 1956 sul-

204 2001 359 2070 lieiebant.
402 2003 514 2088 ltaque
539 2021 597 2086 ego
618 2003 799 2088 Euripidem
827 2003 900 2088 post
927 2021 955 2069 v.
979 2003 1019 2068 10
1046 2001 1093 2067 sie
1119 2001 1181 2066 lere
1203 2019 1305 2084 perre-

204 2113 284 2179 xisse
304 2113 395 2196 puto:
1058 2197 1061 2208 1

386 2219 443 2308 βίᾳ
466 2219 637 2305 Κρέουσαν
658 2221 862 2308 Κενροπίαις
885 2219 1021 2304 πέτραις
1042 2215 1119 2286 ὕπο.
1143 2213 1153 2242 ’

205 2329 310 2416 Etiam
329 2329 491 2412 insequens
512 2327 665 2395 sententia
696 2329 738 2410 (v.
759 2328 896 2408 14-27)
918 2326 1154 2412 amplificatoris
1176 2346 1303 2394 manum

98 2475 108 2496 ι
205 2439 328 2521 experta
349 2438 412 2514 eat;
436 2438 541 2504 tamen
561 2438 697 2520 genuina
719 2455 814 2520 paene
835 2437 920 2504 oerto
947 2437 1110 2502 restituere
1130 2437 1212 2503 lieet.
1257 2436 1305 2501 Ao

205 2546 339 2629 primum
362 2547 487 2631 quidem
509 2547 637 2614 minime
658 2545 785 2613 tolerari
805 2547 937 2630 possunt
957 2545 1018 2610 duo
1050 2545 1171 2612 obieeta
1198 2563 1305 2611 uersus

208 2653 247 2720 16
261 2655 418 2721 uuida-
430 2654 565 2741 βρέφος,
589 2656 723 2722 altarum
745 2654 923 2739 participio,
945 2654 1078 2722 alterum
1101 2655 1193 2720 uerbo
1215 2651 1305 2717 finito

206 2763 355 2832 additum.
399 2765 474 2832 Noli
500 2766 610 2832 afferre
635 2764 760 2832 fabulae
786 2767 913 2831 nostras
934 2783 963 2832 v.
984 2763 1066 2828 1597
1087 2781 1148 2846 sq.:
1181 2757 1305 2826 ineid'

207 2867 330 2951 ἔτικτες
348 2868 463 2940 τόνδε
484 2873 618 2940 παῖδα
630 2864 785 2940 κάπέθου
800 2871 835 2939 ἐν
854 2866 1101 2959 σπαργάνοισιν,
1124 2863 1305 2953 ἁρπάσαντ’

204 2979 238 3061 ἐς
247 2975 387 3068 ἀγκάλας
395 2978 513 3072 Ἑρμῆν
521 2977 647 3050 κελεύει
657 2982 755 3066 δεῦρο
766 2985 987 3071 πορθμεῦσαι
998 2980 1161 3069 βρέφαςι
1175 2997 1307 3064 magnus

204 3092 287 3158 enim
308 3093 375 3158 illio
396 3092 562 3160 intersedit
575 3093 797 3161 vocabulorum
819 3111 977 3176 numerus,
999 3111 1099 3176 neque
1120 3108 1214 3158 nexae
1235 3088 1309 3154 sunt

203 3203 376 3270 sententiae
408 3202 582 3287 participio,
614 3203 666 3268 sed
699 3202 960 3286 ooninnotion'e1).
1016 3201 1133 3269 Mirum
1156 3198 1308 3283 quantum

208 3311 365 3378 claudicat
396 3331 426 3379 a.
450 3313 489 3380 18
519 3309 685 3394 Κρέουσα,
721 3313 837 3380 lalsum
867 3313 915 3378 est
945 3313 977 3378 et
1005 3311 1072 3378 illio
1095 3313 1127 3378 et
1148 3327 1178 3373 v.
1201 3308 1241 3373 27
1264 3300 1310 3384 ὥς

207 3413 414 3504 θανούμενον
443 3421 676 3508 (θανουμένῳ).
720 3422 830 3505 Neque
857 3421 940 3487 enim
963 3422 1001 3487 ut
1028 3421 1183 3488 moriatur
1209 3415 1309 3482 fllium

207 3527 322 3594 creusa
333 3531 467 3614 exponit,
489 3534 541 3598 sed
564 3533 601 3597 ut
616 3532 657 3599 ab
672 3529 819 3614 Apolline
833 3531 976 3597 servetur
991 3528 1076 3610 (ride
1090 3549 1115 3596 e.
1132 3545 1164 3612 g.
1183 3547 1212 3593 u.
1224 3523 1308 3608 965).

203 3638 248 3704 At
269 3656 340 3704 oum
362 3639 539 3725 prior-pars
560 3641 733 3709 sententiae
753 3639 978 3707 additamentis
993 3638 1182 3722 quibusdam
1195 3635 1310 3700 intem-

206 3747 334 3830 pmtiris
354 3747 457 3816 diuta
478 3751 530 3827 sit,
552 3752 585 3816 in
607 3749 777 3834 posteriore
798 3749 872 3815 inde
893 3767 912 3814 a
935 3769 964 3816 v.
981 3749 1023 3813 20
1039 3766 1078 3812 ne
1092 3745 1221 3812 verbum
1240 3743 1310 3827 qui·

201 3855 272 3922 dem
295 3854 494 3940 Euripideum
517 3859 616 3924 inesse
638 3857 770 3925 affirmo.
816 3859 863 3928 Ut
885 3857 1023 3940 primum
1051 3875 1100 3922 res
1129 3855 1308 3928 maommus,

201 3965 342 4031 dicturus
364 3965 411 4030 ost
431 3964 637 4048 interpolator
659 3963 807 4031 Creusam
836 3982 931 4049 puero
960 3961 1092 4030 monilia
1119 3959 1309 4044 serpentium

201 4073 301 4156 speeie
321 4071 473 4150 induisse;
495 4073 528 4138 in
550 4073 688 4140 eanistro
710 4072 785 4140 haec
808 4071 939 4141 infuisse
960 4070 1110 4138 disoimus
1132 4089 1149 4135 e
1171 4089 1200 4137 v.
1217 4069 1309 4138 1427.

208 4311 214 4326 “
305 4307 332 4380 1)
351 4307 394 4364 De
412 4305 515 4364 Phaon.
535 4309 570 4364 77
588 4307 651 4364 vide
669 4305 752 4364 infra
