3080 4960
238 599 386 666 firmabit.
431 600 573 668 Amedit'
592 600 675 684 quod
701 619 731 666 v.
753 600 792 666 51
821 618 855 665 eo
880 618 941 683 quo
972 599 1089 682 legitur
1117 599 1185 665 loeo
1217 545 1332 664 mirum

239 708 391 790 quantum
412 709 550 792 languet.
595 708 748 790 Quoniam
776 710 882 774 autem
908 709 973 791 ipse
1000 707 1099 774 multo
1121 707 1222 791 magis
1243 707 1333 792 inge·

239 817 326 882 nium
348 818 502 900 poeticum
524 817 615 900 sapit,
639 837 668 882 r.
693 819 732 882 31
751 837 768 883 e
789 817 828 882 51
852 816 969 897 fiotum,
989 817 1073 882 hune
1094 817 1127 882 in
1149 816 1264 884 falsum
1285 816 1333 881 lo·

239 943 309 990 aum
331 925 468 992 delatum
489 945 554 992 esse
573 927 788 994 iudicabimus.
831 926 995 992 Praeterea
1009 925 1165 991 Hirrelius
1186 925 1209 990 l.
1225 924 1247 990 l.
1266 943 1334 990 raa·

238 1034 358 1101 tissime
379 1035 484 1101 versui
505 1036 545 1102 39

440 1143 532 1210 δυοῖν
553 1136 720 1228 γερόνποιν
741 1141 777 1208 δὲ
796 1145 1025 1228 αοροπηρεῖται
1045 1137 1130 1229 φυγή

240 1254 361 1320 obelum
394 1251 551 1335 praefixit:
586 1271 658 1319 nam
684 1251 719 1318 ut
748 1252 874 1318 mittam
901 1251 1090 1318 structuram
1119 1251 1196 1317 setis
1218 1271 1334 1317 memo·

239 1361 368 1427 rabilem
392 1380 499 1428 eorum
519 1363 573 1445 qui
594 1361 774 1426 inseountur
796 1377 941 1427 versuum
964 1361 1058 1444 (quae
1078 1362 1184 1427 tamon
1202 1360 1333 1426 fortasse

240 1467 363 1534 defendi
385 1469 509 1551 potest),
531 1467 700 1534 remeatur
721 1466 877 1550 particula
898 1465 934 1532 δέ
956 1470 987 1534 et
1008 1468 1136 1535 insolito
1154 1469 1225 1536 ‘looo
1249 1468 1332 1535 etin

241 1578 303 1643 arsi
324 1577 438 1661 posita·
455 1577 507 1658 (ef.
529 1596 559 1644 u.
579 1577 664 1656 653).
698 1587 733 1624 2
766 1577 832 1660 Ego
859 1577 958 1661 igitur
983 1578 1029 1642 sie
1056 1578 1131 1660 puto
1155 1578 1333 1661 Euripidem
1444 1615 1446 1620 ·

239 1686 311 1752 inde
332 1706 352 1752 a
374 1707 403 1752 n.
425 1687 464 1751 31
488 1685 567 1752 Iolai
590 1685 800 1752 narrationem
821 1686 1043 1753 conformasse:

382 1812 420 1877 51
464 1805 572 1896 πάσης
596 1809 655 1895 [δ’]
678 1801 792 1898 ἀλῆται
815 1811 872 1900 γῆς
893 1801 1150 1898 ἀπεστερημένοι

381 1921 422 1986 38
464 1919 599 1985 κλεινῶν
619 1910 774 2006 Ἀθηνῶν
794 1915 880 1986 τόνδ’
903 1911 1104 2006 ἀφικόμεσθ’
1127 1915 1215 2002 ὅρον,

240 2048 261 2113 i.
283 2065 307 2112 a.
332 2046 502 2127 „vagantes
524 2045 609 2110 omni
630 2045 714 2109 terre
737 2045 852 2128 privati
874 2046 1068 2127 pervenimus
1089 2046 1129 2112 ad
1150 2047 1206 2112 hos
1234 2047 1335 2112 elara-

242 2175 311 2221 rum
323 2154 518 2221 Athenarum
533 2154 609 2220 fines
620 2155 650 2220 h.
662 2175 687 2220 e,
699 2155 732 2220 in
753 2155 811 2220 has
834 2153 933 2221 oleras
949 2155 1107 2222 Athenas*
1124 2153 1163 2220 ai.
1176 2155 1223 2221 ul.
1238 2155 1334 2220 1315:

241 2272 297 2352 γῆς
318 2255 472 2349 πατρῴας
494 2255 572 2345 ὅρον
592 2261 763 2328 ἐκλείπειν.
805 2263 963 2347 Αες.,λῐς.
984 2263 1018 2328 1:
1040 2261 1140 2328 ποίαν
1159 2283 1197 2328 σε
1218 2262 1335 2349 φαῖμεν

241 2376 334 2457 γαῖαν
355 2365 569 2438 ἐκλελοιπότα
590 2363 687 2437 πόλει
709 2371 885 2452 ξενοῦσθαι
905 2371 998 2461 τῇδες
1019 2369 1070 2449 τίς
1090 2365 1217 2454 πάτρας
1239 2365 1316 2455 ὅρος
1323 2399 1334 2453 ,·

242 2484 318 2550 Post
345 2501 441 2548 unum
467 2483 516 2548 vel
543 2481 619 2550 duos
641 2501 747 2549 nereus
773 2481 959 2551 histrionum
979 2482 1097 2549 iniuria
1122 2483 1301 2566 absumptos
1311 2482 1335 2565 ¹)

242 2595 317 2660 haee
338 2589 559 2674 sequebantur:

391 2719 432 2784 33
475 2710 576 2783 ἱκέται
597 2709 835 2799 καθεζόμεσθα
854 2711 976 2801 βώμιοι
997 2715 1098 2796 θεῶν,

476 2924 544 3024 ἧδ’
566 2920 608 2999 αὖ
629 2932 667 2999 τὸ
688 2933 775 3024 θῆλυ
801 2930 920 3012 παιδὸς
939 2929 1102 3020 Ἀλκμήνη
1122 2933 1214 3019 γένος

476 3039 588 3110 thoos
611 3045 690 3108 ναοῦ
711 3041 799 3108 τοῦδ’
821 3037 1090 3130 ὗπηγκαλισμένη.

244 3171 310 3238 ὃοιλ
326 3171 498 3254 Euripideis
519 3188 655 3256 pannum
681 3167 812 3235 duorum
835 3188 979 3235 uersuum
1001 3169 1100 3235 assuit
1121 3169 1338 3257 interpolator:

392 3297 433 3360 43
475 3287 591 3380 σῴζει·
614 3291 687 3371 νέας
706 3288 766 3378 γὰρ
790 3291 979 3377 παρθένους
1000 3288 1189 3377 αἰδούμεθα

477 3392 562 3490 ι’)’χλῳ
584 3396 736 3486 πελάζειν
757 3399 1087 3487 κάπιβωμιοσταιεῐν.

245 3531 448 3598 Desiderabat
475 3530 558 3596 enim
585 3531 714 3597 verbum
742 3529 867 3596 finitum
889 3528 1046 3614 partieipii
1068 3523 1339 3614 ὑπηρκαλισμὲνη.

245 3641 340 3706 Reote
363 3639 561 3723 Musgravius
589 3636 884 3720 retransmeare
913 3638 1089 3706 monstrum
1119 3639 1202 3705 voois
1235 3639 1357 3722 appot,

244 3751 338 3826 lavim
373 3768 435 3816 non
461 3749 566 3815 autem
593 3748 726 3814 debebat
753 3748 793 3814 ad
821 3747 1029 3814 oonieeturam
1056 3748 1222 3831 confugere
1247 3748 1279 3814 in
1300 3747 1340 3813 iis

244 3859 392 3937 versibus,
415 3857 469 3942 qui
492 3877 569 3923 nexu
592 3857 817 3924 sententiarum
838 3856 915 3922 satis
937 3856 1150 3939 repudiantur.
1172 3857 1340 3940 —Neque

245 3967 321 4033 mihi
343 3985 468 4053 possum
491 3966 672 4050 persuadere
692 3985 722 4029 v.
746 3966 871 4031 45-48

346 4219 374 4288 1)
391 4221 597 4290 Argumentum
619 4235 716 4275 eorum
740 4217 793 4275 hoo
814 4218 873 4274 fere
898 4218 966 4274 fuit:
1005 4219 1102 4290 „Nune
1120 4225 1213 4276 eutem
1230 4217 1340 4288 Thesei,

245 4317 319 4388 regis
337 4315 419 4372 huius
436 4319 538 4386 terrae,
556 4316 674 4373 tutelam
692 4315 908 4388 exspuatantes.“
