3080 4960
728 431 762 484 et

197 619 306 666 nonem
322 619 383 665 non
398 600 555 666 dubitavit
568 601 745 683 Euripides!
780 601 881 682 Quam
896 601 1065 683 imaginem
1080 601 1171 666 huius
1186 604 1295 684 poetam

197 709 256 775 sibi
277 708 705 793 adumbraveritHeunigius,
729 710 839 776 nescio.
869 709 929 776 Sed
941 709 1155 776 Hermannum
1170 711 1294 775 secutus

197 817 311 884 similia
332 819 426 883 etiam
447 817 480 882 in
497 817 631 883 aliarum
653 818 829 886 fabularum
844 818 981 902 prologis
995 819 1129 884 inveniri
1145 817 1292 884 affimat

199 927 300 994 Unum
322 927 415 993 velim
438 927 514 993 mihi
535 929 687 994 monstret
708 928 896 1011 exemplum!
926 928 977 992 An
998 927 1079 993 forte
1099 928 1138 993 de
1159 925 1293 993 Bacchis

197 1036 358 1120 cogitavit,
379 1037 413 1100 in
434 1037 545 1120 quihus
568 1038 697 1102 chorum
713 1037 787 1103 inde
810 1037 850 1102 ah
870 1036 962 1101 initio
984 1034 1108 1101 fabulae
1129 1035 1161 1098 in
1184 1053 1294 1100 scaena

197 1147 386 1227 praesentem
415 1163 478 1212 esse
506 1165 604 1228 neque
627 1147 733 1212 umen
759 1146 834 1230 quid
858 1146 949 1210 Liber
973 1147 1061 1228 pater
1082 1143 1120 1209 de
1146 1161 1178 1208 se
1206 1162 1296 1227 prae-

197 1253 280 1319 dicet
301 1254 408 1320 audire
429 1254 553 1321 uoluit?
588 1255 631 1318 At
645 1254 719 1337 quid
735 1253 772 1319 de
787 1254 981 1319 Baccharum
1001 1252 1130 1336 prologo
1152 1252 1294 1316 statuen-

197 1363 269 1428 dum
292 1364 380 1442 esset,
413 1383 506 1447 supra
527 1363 672 1429 vidimus.
716 1364 753 1429 In
784 1363 893 1428 ceteris
922 1361 1028 1427 autem
1050 1360 1188 1444 prologis
1215 1359 1296 1426 corle

198 1490 258 1536 non
280 1473 388 1539 contra
408 1491 511 1538 rerum
534 1476 678 1538 naturam
701 1474 817 1555 peccat,
840 1472 866 1536 si
888 1469 1021 1536 audiunt
1035 1467 1212 1552 praesentes
1226 1486 1295 1551 per-

196 1599 287 1646 sonae
320 1581 395 1664 quid
426 1579 664 1664 προλογίζουσα
693 1581 792 1659 dicat,
832 1579 930 1645 veluti
963 1578 1053 1645 libari
1084 1576 1229 1642 Herculia
1262 1575 1295 1640 iu

198 1690 330 1755 Hercule
355 1691 387 1756 et
408 1689 593 1769 Heraclidis,
629 1690 739 1754 chorus
765 1688 931 1753 mulierum
960 1689 993 1752 in
1016 1685 1220 1769 Supplicihua
1257 1719 1292 1730 -

198 1799 307 1865 Altera
329 1817 432 1882 eausa,
455 1817 510 1864 cnr
536 1800 719 1882 anapaestos
740 1798 772 1862 et
792 1796 912 1862 iamhos
933 1795 1027 1860 mmul
1049 1793 1195 1860 ferrinon
1210 1811 1297 1876 posse

197 1907 340 1989 iudicem,
364 1908 439 1974 haee
460 1910 516 1986 est,
541 1907 623 1991 quod
645 1908 715 1989 post
736 1906 856 1971 iambos
877 1905 917 1970 ab
940 1905 1174 1988 Agamemnone
1194 1902 1297 1968 deela-

198 2017 297 2082 matos
323 2035 443 2082 senem
474 2017 604 2083 surdum
632 2015 721 2080 finnt
745 2017 850 2097 poeta:
883 2014 976 2096 rogat
999 2012 1080 2077 enim
1105 2031 1133 2077 r.
1158 2012 1219 2076 124
1240 2029 1295 2094 sq„

199 2141 272 2188 num
301 2124 440 2189 Achillea
471 2124 563 2189 facile
591 2125 713 2190 laturus
744 2123 795 2201 sit,
829 2121 911 2206 quud
943 2139 1011 2204 spes
1038 2120 1232 2204 Iphigeniam
1262 2120 1294 2184 in

198 2231 429 2296 matrimonium
452 2231 584 2297 ducendi
605 2251 637 2297 se
659 2231 813 2311 fefellerit,
836 2249 907 2296 cum
931 2231 1125 2314 Agamemno
1147 2251 1177 2297 v.
1197 2231 1293 2314 otsq.

197 2341 299 2406 totum
313 2341 372 2406 hoo
386 2341 621 2406 matrimonium
635 2340 742 2406 fictum
766 2359 831 2406 esse
851 2339 928 2404 satis
950 2339 1183 2421 significaverit.
1202 2339 1294 2404 Hanc

196 2448 360 2514 dubitandi
376 2467 502 2514 eausam
517 2449 633 2514 iustam
648 2466 711 2513 esse
727 2449 821 2514 etiam
836 2447 1012 2530 Hennigius
1026 2447 1047 2514 l
1061 2448 1084 2512 l.
1099 2467 1128 2530 p.
1139 2449 1181 2514 36
1196 2466 1294 2532 agno·

197 2557 243 2622 uit
264 2557 437 2640 delevitque
459 2575 564 2622 versus
588 2558 752 2622 124-132
775 2575 804 2640 p.
826 2556 878 2621 44.
921 2555 967 2622 At
993 2557 1020 2622 si
1050 2556 1131 2622 senis
1158 2556 1294 2624 surditas

196 2666 397 2732 intolerabilis
419 2667 465 2730 est
486 2665 518 2728 in
541 2665 713 2746 tragoedia,
738 2684 794 2734 cur
815 2684 877 2731 non
898 2665 1166 2749 Agamemnonis?
1204 2664 1293 2747 Quod

198 2776 224 2840 si
252 2795 353 2842 secum
384 2775 555 2858 reputasset
576 2771 775 2857 lHennigius‚
806 2775 977 2840 necessario
1009 2774 1106 2840 etiam
1140 2774 1295 2840 v.1—48

196 2883 367 2965 delevisset3
392 2883 503 2967 quibus
525 2881 656 2948 abiectis
679 2901 751 2952 cum
773 2904 834 2950 non
848 2885 911 2950 iam
933 2883 1010 2950 satis
1024 2883 1195 2967 appareret,
1218 2881 1293 2966 quid

195 3011 280 3058 senor
301 2995 335 3058 iu
363 3011 473 3058 scaena
502 2991 561 3058 sibi
591 2992 698 3070 uellet,
731 2993 827 3062 etiam
847 2993 885 3059 de
905 2993 1045 3060 versibus
1073 2992 1238 3059 115-123
1261 2993 1292 3058 et

196 3103 357 3168 lua-163
372 3101 556 3168 dubitasset.
574 3137 610 3146 —
629 3101 698 3168 Iam
713 3103 798 3169 vides
819 3102 899 3168 talea
913 3102 1064 3186 chnigii
1082 3101 1293 3184 disputatione

194 3230 243 3276 me
263 3231 298 3277 eo
319 3210 437 3290 deduci,
471 3210 507 3275 ut
534 3211 639 3276 totum
667 3211 841 3279 divertium
870 3210 1103 3294 anapaesticum
1123 3208 1293 3294 interpola·

194 3321 266 3398 tori,
299 3320 325 3385 si
358 3320 405 3384 dis
437 3319 550 3402 placet,
583 3320 725 3405 Euripidi
760 3321 873 3387 minori
905 3321 1052 3386 tribuam.
1105 3320 1294 3404 Magnopere

195 3430 301 3495 autem
330 3427 459 3510 gaudeo,
493 3428 576 3510 quod
608 3431 710 3494 virum
741 3430 955 3496 doctissimum
978 3429 1138 3495 illidam
1171 3448 1292 3495 mecum

195 3537 309 3602 mutire
334 3536 432 3602 video.
477 3537 534 3602 llle
563 3538 646 3602 enim
675 3538 713 3604 de
744 3539 1112 3622 dimetrisanapacsticis
1133 3537 1216 3622 apud
1238 3537 1295 3604 So-

195 3646 335 3729 phoclem
358 3664 580 3730 nonnunquam
608 3645 690 3712 inter
716 3647 793 3714 duas
822 3666 967 3732 personas
995 3647 1172 3714 distributis
1196 3665 1294 3732 agens

197 3755 274 3820 haee
301 3753 411 3819 scribit
436 3754 475 3820 A.
502 3755 537 3820 E.
568 3775 596 3838 p.
628 3757 702 3821 198:
754 3757 935 3840 „Euripides
962 3810 969 3823 .
1001 3759 1059 3825 hoe
1089 3757 1168 3824 vitio
1201 3807 1208 3822 .
1242 3807 1249 3822 .
1284 3806 1291 3820 .

195 3863 343 3930 immunis
375 3864 431 3928 est.
474 3863 557 3931 Nam
583 3865 650 3948 lph.
676 3865 748 3932 Aul.
782 3867 810 3931 2.
839 3868 956 3933 3.149
984 3867 1062 3934 nihil
1092 3866 1204 3949 probat
1233 3867 1292 3933 nisi

197 3972 376 4056 Euripidem
400 3971 550 4038 minorem
576 3961 837 4059 neglegentiorem
866 3977 982 4044 maiore
1013 3977 1116 4043 fuisse.
1159 3975 1292 4044 Omnino

197 4082 279 4148 enim
305 4100 367 4147 non
392 4081 549 4167 intellego,
581 4083 735 4167 quomodo
764 4085 878 4152 reiecta
902 4085 1062 4152 vedssima
1082 4085 1199 4151 Bromii
1224 4104 1293 4151 sen-

197 4191 307 4275 tentia,
331 4191 384 4274 qui
407 4193 588 4275 anapaestos
610 4195 650 4260 ab
666 4193 811 4278 Euripide
825 4194 942 4260 maiore
964 4193 1207 4277 abiudicaverat,
1228 4194 1292 4260 iam

200 4317 234 4366 eo
258 4319 419 4386 progressa
444 4301 487 4366 sit
513 4301 690 4370 criticorum
713 4303 869 4384 violentia,
901 4305 939 4370 ut
965 4303 1127 4388 prologum
1159 4301 1186 4368 si
1215 4301 1289 4387 quid
