3080 4960
215 583 299 650 ditus
311 585 411 652 vomui
423 587 473 664 25,
497 587 550 670 qui
570 588 675 656 tamen
697 589 742 654 ita
765 589 961 672 comparatus
983 591 1038 668 eet,
1063 591 1099 655 nt
1118 609 1237 656 omnem
1261 591 1309 656 in-

214 694 467 776 terpretationem
482 695 633 780 repudiet.
649 733 684 744 -
704 697 789 778 erao
810 699 849 764 ab
871 696 1013 764 omnibus
1036 699 1205 765 editoribus
1227 719 1256 765 v.
1269 701 1309 766 27

215 804 336 884 recepta
352 805 400 868 est
420 803 549 872 Seidleri
571 807 746 873 coniectura
768 801 1004 887 βουλεύσαντος
1019 808 1145 874 minime
1166 810 1243 874 mihi
1264 810 1309 874 vi-

214 912 305 978 detur
325 911 427 980 locum
450 923 580 991 sanare:
597 916 678 999 quod
700 917 782 982 enim
805 917 1026 999 gravissimum
1043 918 1099 996 est
1124 918 1309 1000 Aegisthum
1434 911 1439 924 '

214 1023 355 1088 Electrae
368 1023 598 1090 interficiendae
614 1026 776 1091 consilium
793 1027 916 1109 cepisse,
939 1045 1000 1092 non
1021 1025 1125 1109 potuit
1146 1026 1309 1110 participio

215 1131 305 1197 condi
328 1133 428 1215 magis
449 1151 544 1217 quam
565 1136 681 1217 promi;
714 1136 904 1202 contrarium
931 1133 1046 1200 clamet
1073 1135 1166 1201 etiam
1191 1136 1309 1202 tradite

215 1241 358 1326 quamvis
379 1243 492 1310 vitiosa
514 1243 617 1309 lectio.
660 1243 829 1310 lenissima
850 1244 1023 1311 mutatione
1044 1246 1160 1311 scribo:

313 1353 440 1416 κτανεῖν
459 1351 517 1438 αφ’
539 1344 708 1432 ἐβούλεοα
729 1344 862 1428 αὐτός·
886 1342 1054 1438 ὠμόφρων
1074 1353 1103 1417 δ’
1126 1348 1216 1437 ὅμως

303 1454 420 1545 ,μήτηρ
443 1483 491 1524 νιν
512 1447 670 1542 ἐξέσωσεν
691 1456 871 1544 Αἰγίσθου·
883 1455 988 1544 χερός,
1145 1532 1150 1543 ,

215 1569 363 1653 oppositis
384 1569 498 1636 marito
519 1571 551 1636 et
572 1588 674 1636 unone.
709 1605 744 1615 -
778 1569 885 1636 Denuo
908 1570 1000 1636 vilem
1023 1589 1197 1653 vanamque
1215 1569 1310 1653 expli·

214 1680 368 1744 rationem
400 1697 505 1744 eorum
533 1679 586 1762 qui
613 1679 800 1762 praecedunt
828 1697 971 1744 versuum
997 1679 1195 1762 agnoscimus
1221 1679 1253 1745 in
1281 1696 1310 1743 v.

215 1791 264 1856 29.
286 1790 327 1854 30

382 1893 429 1974 εἰς
451 1896 510 1979 μὲν
531 1897 589 1982 γὰρ
610 1885 713 1979 ἄνδρα
733 1901 856 1984 σκῆψιν
877 1887 936 1977 εἶχ’
959 1886 1119 1972 ὀλωλότα,

383 2005 512 2072 παίδων
533 2007 562 2070 δ’
585 2001 691 2073 ἔδεισε
712 2000 757 2091 μὴ
779 2003 970 2092 φθονηθείη
992 1997 1095 2093 φόνῳ,

216 2113 270 2198 qni
296 2115 374 2180 mihi
401 2115 590 2182 damnantur
617 2116 666 2181 uel
690 2115 756 2181 solo
785 2115 934 2183 vocabulo
956 2113 1162 2202 φθονηθείη,
1198 2117 1248 2182 cui
1277 2117 1309 2182 in
1357 2121 1365 2132 '

217 2223 282 2290 cod.
300 2224 392 2290 Laur.
414 2226 518 2309 glossa
539 2223 696 2308 adscripta
717 2225 764 2290 est
780 2223 962 2310 μεμφθείη.
1006 2225 1091 2291 Ηεοο
1115 2226 1199 2292 enim
1221 2225 1312 2291 huius

216 2332 359 2400 venabuli
391 2333 579 2418 significatio
612 2332 769 2418 Euripidis
804 2333 901 2400 aetati
938 2352 1061 2417 prorsus
1093 2334 1203 2418 ignota
1235 2334 1311 2398 erat.

217 2441 394 2508 Certissime
407 2443 512 2509 autem
532 2442 647 2526 gratim
662 2442 791 2526 possunt
805 2442 1020 2520 demonstrari,
1043 2443 1155 2527 quibus
1169 2444 1313 2527 φθονεῖν

109 2603 115 2614 .
217 2550 256 2616 ad
277 2570 345 2617 eam
368 2569 462 2635 quam
484 2552 535 2618 hio
556 2551 705 2618 habemns
727 2553 884 2618 notionem
907 2551 1056 2635 pervenit.
1084 2551 1209 2616 Primus
1230 2549 1310 2616 eniin

187 2721 191 2737 ,
217 2659 308 2726 Plato
329 2659 561 2726 substantivum
576 2654 707 2746 φθόνος
727 2661 775 2727 ita
794 2660 965 2744 usurpavit,
989 2661 1024 2724 ut
1037 2629 1311 2740 „obtrectationem

216 2769 347 2848 (inuidia
369 2769 503 2852 ortam)“
528 2769 736 2854 significaret3
770 2769 933 2854 coniungit
959 2769 1040 2835 enim
1068 2785 1139 2833 cum
1161 2767 1311 2833 vocabulo

216 2877 350 2966 διαβολή
385 2878 466 2962 apol.
501 2898 531 2962 p.
566 2878 631 2945 18¹¹.
667 2881 736 2956 28⁸3
782 2878 863 2945 idem
899 2880 1004 2945 tamen
1039 2876 1132 2943 verbo
1169 2879 1312 2962 φθονεῖν

216 3006 374 3072 nunqnam
405 2987 473 3071 pari
504 2987 597 3054 modo
629 3006 701 3054 neus
734 2989 791 3054 eet.
849 2987 929 3055 Tum
964 2988 1103 3070 demum,
1147 2987 1311 3070 postquam

216 3097 291 3161 haec
325 3096 410 3162 notio
442 3095 592 3180 invaluit,
632 3115 685 3179 per
717 3095 846 3162 tertium
878 3096 1011 3182 gradum
1042 3095 1145 3178 potuit
1177 3094 1208 3159 in
1244 3114 1311 3161 eam

216 3205 311 3282 abire,
344 3224 437 3289 quam
471 3205 574 3270 nomer
609 3205 694 3271 locus
727 3204 852 3287 praebet
890 3201 1155 3286 „reprehendendi
1192 3204 1313 3287 vitupe-

216 3313 335 3380 randi‘t
378 3314 446 3380 Iam
469 3312 554 3380 vides
578 3313 617 3379 ad
642 3333 734 3397 quam
758 3314 892 3379 aetatem
915 3313 1042 3396 linguae
1063 3311 1185 3396 legibus
1213 3313 1313 3378 coacti

217 3423 396 3490 descendere
432 3421 608 3488 iubeamur:
656 3421 761 3504 itaque
796 3440 825 3485 u.
858 3421 908 3485 29.
942 3423 983 3485 30
1017 3419 1185 3486 certissime
1216 3420 1313 3504 spurii

206 3507 298 3598 eunt.
310 3532 422 3598 -Vir
436 3549 516 3596 unus
538 3529 711 3594 intercessit
732 3528 903 3594 versiculus
925 3529 974 3611 31,
996 3545 1067 3592 cum
1088 3529 1200 3595 iterum
1221 3547 1312 3612 opera

216 3661 272 3708 sua
301 3639 481 3707 detestanda
510 3637 635 3704 iunctus
662 3639 717 3715 est
750 3639 786 3701 ut
812 3637 889 3702 milri
916 3635 1040 3721 quidem
1070 3637 1200 3712 videtur,
1232 3636 1313 3702 idem

216 3749 430 3832 interpolator,
464 3747 517 3830 qui
539 3767 568 3813 u.
591 3748 641 3813 29.
660 3747 702 3812 30
723 3747 910 3823 inculcavit;
943 3746 991 3811 his
1018 3746 1101 3811 enim
1121 3745 1238 3812 additis
1260 3765 1314 3812 no-

205 3841 383 3926 'caunum
412 3859 488 3936 erat,
525 3859 561 3923 ut
594 3859 783 3942 repeteretur
814 3858 988 3923 subiectum
1016 3847 1197 3940 Αἴγισθος.
1246 3855 1314 3922 Ηοο

217 3969 321 4035 sutem
344 3986 437 4032 causa
459 3965 570 4031 (luctus
592 3967 705 4032 damno
728 3985 758 4032 v.
776 3969 826 4032 32.
843 3969 893 4046 33,
916 3965 997 4050 quod
1013 3985 1029 4030 e
1044 3965 1145 4030 verbis
1162 3962 1196 4030 ἐκ
1211 3964 1313 4032 τῶνδε

218 4097 246 4144 v.
261 4079 299 4144 31
324 4075 358 4162 (i.
378 4095 403 4142 c.
426 4077 591 4160 postqum
613 4065 698 4157 εἶχεν
719 4073 753 4140 ἐν
774 4069 889 4158 δόμοις
911 4077 941 4142 et
963 4077 1091 4139 κτανεῖν
1111 4071 1313 4156 ἐβούλευσεν)

216 4187 293 4252 satis
314 4187 444 4270 apparet
464 4184 593 4252 tertium
614 4183 786 4252 indicatum
809 4185 847 4249 iri
864 4183 1005 4270 Aegisthi
1027 4183 1188 4250 consilium
1205 4183 1313 4248 contra

218 4295 409 4362 Electram
431 4293 556 4374 initum,
588 4293 728 4362 Orestem
750 4293 801 4360 hic
822 4295 948 4362 omnino
974 4293 1075 4360 locum
1105 4311 1165 4358 non
1188 4292 1313 4358 habere:
