3080 4960
742 451 777 503 77

212 622 365 706 ohorogus
386 621 420 686 iu
439 620 545 686 nostra
559 619 666 685 fabule
682 618 739 698 est,
762 618 892 684 statim
908 637 942 684 er
956 618 1053 703 Lydis
1069 619 1189 686 Thebes
1204 620 1308 687 venire

211 729 324 796 dooeut
333 728 394 795 looi
406 729 446 794 ob
457 729 593 796 Usenero
605 725 695 794 allati
707 728 805 793 nouo
813 747 858 810 sq.
869 727 945 810 (233
953 747 999 811 sq.
1010 728 1075 811 N.)‚
1085 730 1125 794 55
1133 731 1165 812 ¹),
1176 731 1306 812 64sq.²),

211 839 323 923 quibus
334 837 414 904 addo
429 858 458 904 v.
469 839 511 904 84
519 856 580 920 sq.:
595 829 742 919 Βρόμιον
755 837 859 902 παῖδα
869 832 953 902 θεὸν
964 839 1048 902 θεοῦ
1059 828 1218 903 Διόνυσον
1231 861 1308 902 κατ-

211 943 347 1032 άγουσαι
369 945 545 1031 Φρυγίων
567 944 608 1027 ἐξ
629 935 753 1028 ὁρέων
773 940 955 1024 Ἑλλάδος
975 942 1013 1012 εἰ
1023 970 1041 1024 ς
1066 937 1308 1030 ον’ροχόρους

211 1047 357 1142 ἀγυιάς.
401 1057 506 1123 Unum
527 1057 632 1122 tameo
654 1055 758 1121 looum
779 1056 839 1122 sibi
864 1056 987 1121 videtur
1008 1057 1200 1123 Wecklinius
1222 1057 1309 1122 iuno·

213 1167 303 1245 nisse,
326 1167 380 1250 qui
402 1165 525 1231 irritem
548 1165 646 1232 faeiat
670 1165 797 1232 Useneri
821 1166 1017 1245 sententiam,
1038 1186 1068 1232 s.
1089 1167 1162 1232 481.
1184 1167 1242 1232 82:

312 1302 382 1363 HE.
425 1283 529 1384 ἦλθες
549 1296 586 1363 δὲ
607 1298 725 1380 πρῶτα
747 1296 836 1382 δεῦρ’
856 1285 943 1382 ὄῖγων
962 1293 1021 1364 τὸν
1042 1297 1194 1381 δαίμονας

307 1401 369 1473 'An
426 1408 493 1484 πᾶς
513 1397 702 1488 ἀναχορεύει
722 1400 897 1490 βαρβάρων
917 1399 987 1470 τάδ’
1010 1394 1113 1491 ὄργια.

213 1542 258 1609 At
281 1541 409 1607 minime
430 1561 465 1607 er
486 1560 521 1607 eo
543 1541 691 1624 sequitur,
715 1541 797 1623 quod
812 1540 1094 1621 vultweoklinim
1116 1542 1153 1606 ut
1169 1541 1310 1606 Bocchus

214 1651 253 1718 ad
268 1651 385 1716 multas
398 1649 600 1716 barbarorum
618 1650 725 1733 gentes
748 1651 937 1732 profectus
956 1649 1011 1728 sit;
1036 1651 1132 1717 immo
1146 1649 1205 1715 hoo
1218 1650 1310 1733 rogat

212 1759 385 1826 Pentheus:
432 1759 628 1836 „Primumne
657 1757 698 1823 sd
734 1776 790 1823 uos
821 1759 903 1824 huno
934 1757 1026 1824 deum
1057 1757 1219 1823 iudueis?“
1260 1759 1310 1824 oui

213 1871 296 1934 reete
313 1868 476 1950 respondet
493 1868 644 1932 Booohus:
669 1867 801 1946 „Omnes
822 1867 948 1933 barbari
970 1867 1045 1932 haee
1067 1886 1154 1932 soora
1175 1867 1309 1932 colunt.“

211 1963 343 2054 Ἠλθες
364 1977 468 2042 autem
493 1975 613 2041 dietum
635 1977 682 2040 est
703 1995 732 2041 v.
753 1976 825 2055 481,
852 1975 925 2058 quia
947 1975 1058 2040 itinere
1079 1995 1155 2059 opus
1177 1977 1252 2055 erat,
1276 1976 1312 2040 ul

215 2085 346 2170 eLydis
376 2086 415 2150 od
444 2083 577 2150 Graecos
605 2085 778 2166 perveniret
804 2084 963 2159 Bacchum
995 2084 1035 2150 ad
1064 2085 1184 2150 oultum
1209 2085 1312 2151 Liberi

215 2196 296 2261 inter
327 2194 476 2260 barbaros
507 2195 589 2277 ipsos
622 2193 849 2276 divulgandum
881 2193 992 2260 itinere
1026 2213 1102 2277 opus
1138 2214 1200 2260 non
1235 2197 1310 2275 erat,

216 2303 328 2386 quippe
349 2322 419 2368 oum
441 2303 474 2367 in
494 2303 635 2369 barbaris
651 2303 834 2374 versaretur.
877 2303 995 2368 Tamen
1016 2305 1099 2368 huno
1119 2303 1223 2370 looum
1243 2304 1312 2368 fon·

215 2412 279 2476 tem
308 2412 340 2476 ot
373 2411 525 2493 originem
556 2409 807 2492 interpolationis
839 2409 968 2492 prologo
998 2409 1132 2476 insertos
1161 2431 1224 2476 esse
1257 2431 1311 2494 pro

216 2521 300 2585 certo
323 2520 431 2585 habeo.
458 2518 546 2583 Nam
568 2536 639 2582 oum
660 2537 689 2583 v.
703 2518 766 2582 482
789 2517 943 2601 legeretur
965 2517 1042 2594 πᾶς
1054 2515 1236 2606 βαρβάρων,
1259 2541 1312 2586 ne·

217 2629 383 2695 sessorium
406 2627 570 2693 uidebatur
591 2626 731 2710 singulas
759 2627 963 2692 barbarorum
986 2631 1094 2711 gentos
1120 2649 1313 2708 enumerare;

217 2737 447 2820 sdiuvobetque
487 2737 575 2802 illam
613 2737 884 2819 interpolationem
923 2739 998 2804 noto
1033 2739 1070 2804 de
1106 2739 1223 2805 Bsoohi
1259 2760 1312 2823 per

218 2847 326 2913 Asiam
347 2846 458 2912 itinero
480 2846 596 2926 tabula,
630 2866 724 2929 quam
746 2847 914 2912 Alexandri
935 2847 1044 2931 Magni
1070 2848 1313 2931 expeditionibus

218 2957 319 3023 ortam
341 2957 373 3021 et
394 2957 612 3038 pervulgatam
637 2974 701 3021 esse
731 2956 893 3038 oonstotl).
936 2955 1045 3040 Neque
1075 2957 1186 3024 dosunt
1216 2957 1315 3023 inter·

217 3063 384 3148 poletionis
405 3064 531 3145 indicio,
565 3064 593 3128 si
613 3063 654 3129 sd
675 3083 847 3130 sermonem
873 3084 979 3130 eorum
1002 3085 1079 3150 quos
1100 3065 1215 3132 delevit
1236 3068 1314 3134 Use-

218 3191 310 3239 nerus
331 3191 475 3239 versuum
496 3175 630 3255 spectas:
658 3192 737 3256 quae
758 3176 953 3239 tamencum
975 3195 1010 3241 er
1032 3176 1250 3242 vetustissimis
1272 3179 1313 3242 sil

218 3281 276 3348 hoe
305 3281 564 3359 additamentum,
595 3279 673 3346 satis
702 3281 787 3348 levis
818 3284 899 3348 suut.
942 3282 1045 3348 Nimis
1076 3284 1158 3351 onim
1191 3304 1313 3367 prosam

321 3570 346 3640 l)
366 3569 409 3624 De
425 3569 479 3624 hoo
495 3568 556 3624 loeo
575 3567 640 3624 vids
658 3585 729 3636 quse
746 3567 821 3622 inire
839 3567 966 3624 dicturus
985 3585 1054 3624 sum.

318 3667 346 3736 2)
364 3667 433 3722 Cum
450 3665 504 3722 hoo
521 3666 581 3720 looo
594 3665 631 3720 sd
648 3665 815 3720 sententiam
826 3681 917 3720 mooun
930 3663 1133 3720 defendendum
1145 3669 1211 3735 opto
1222 3669 1315 3736 potest

220 3763 377 3832 oomporsri
395 3763 497 3820 Phoeu.
517 3768 547 3820 et
564 3763 625 3834 Iph.
645 3763 708 3818 Aul.
728 3763 857 3836 paroduo.

320 3863 348 3930 8)
368 3860 461 3916 unum
477 3861 669 3916 testimonium
679 3879 737 3918 uon
749 3878 861 3932 possum
873 3861 986 3920 silentio
997 3861 1159 3932 praeterire.
1179 3860 1315 3916 Arrianus

220 3957 311 4013 Ausb.
328 3957 367 4014 v1
385 3959 420 4012 28
442 3975 573 4028 pomposo
594 3957 759 4014 Bseohiesm
779 3958 933 4012 Alexandri
953 3957 1112 4016 describens
1136 3957 1205 4014 haee
1230 3957 1314 4012 diois:

220 4059 266 4109 ταὶ
283 4055 365 4108 ταῦτα
383 4052 452 4126 πρὸς
468 4061 590 4128 μίμησιν
606 4056 652 4122 τῆς
669 4049 806 4110 Διονύσον
824 4059 954 4128 βακχείας
970 4050 1127 4122 ἀπεικάσθη
1142 4048 1314 4126 Ἀλεξάνδρῳ,

220 4146 262 4206 ὄτι
280 4155 326 4206 καὶ
343 4149 413 4218 ὑπὲρ
431 4151 535 4208 ἐκείνου
552 4145 633 4222 λόγος
649 4153 757 4224 ἐλέγετο
775 4147 1039 4224 καταστρεψάμενον
1059 4148 1160 4212 Ἰνδοὺς
1179 4145 1316 4206 Διόνυσον

221 4242 291 4302 οὕτω
308 4245 357 4316 τὴν
375 4244 479 4316 πολλὴν
495 4247 542 4316 τῆς
555 4243 645 4310 Ἀσίας
663 4249 799 4304 ἐπελθεῖν.
836 4248 997 4321 01.Κεταρ,
1021 4249 1063 4304 Do
1080 4247 1233 4304 Ptolemaei
1251 4246 1314 4302 Phi·

221 4343 465 4418 lodolplripomps
483 4343 627 4416 Besohioo,
645 4345 758 4402 Bonoso
779 4346 847 4402 1884
864 4364 893 4417 ρ.
912 4347 946 4400 14
963 4363 1005 4416 sq.
