3080 4960
769 414 804 466 96

240 585 407 667 repetatur.
451 583 617 650 Concludit
638 585 739 651 totum
763 587 926 669 prologum
950 604 1053 652 versus
1075 585 1107 650 in
1129 587 1187 652 hoc
1210 587 1332 654 senten·
1448 659 1456 668 ,
1510 671 1512 678 y

239 695 357 760 tiarum
378 713 456 759 nexu
475 693 712 759 insulsissimus:

380 797 500 878 πιστὰς
521 797 580 885 γὰρ
601 791 708 887 ἀλόχῳ
730 806 800 879 τοῖς
821 800 849 864 τ’
873 800 965 884 ἐμοῖς
986 795 1135 884 δόμοισιν
1157 795 1197 869 εἶ.

242 911 322 994 Quid
347 911 473 977 tandem
500 911 575 978 fides
602 912 682 977 souis
709 911 748 978 ad
772 912 989 995 argumentum
1014 912 1162 994 epistulae
1184 915 1223 979 eb
1244 914 1342 997 ngas,

242 1039 401 1086 memnone
422 1020 597 1086 recitandae
617 1021 774 1102 pertinet?
1337 1045 1338 1050 ¹

341 1129 401 1195 Sed
422 1130 514 1194 finem
537 1129 688 1196 faciamus
718 1129 996 1213 conquirendorum
1022 1130 1225 1212 ineptiarum
1256 1130 1330 1214 quid
1429 1162 1431 1168 ·

241 1237 402 1319 Euripides
424 1237 589 1319 scripserit,
611 1237 843 1322 investigemus.
886 1239 933 1302 Ao
956 1239 1089 1321 primum
1112 1239 1234 1321 quidem
1253 1240 1331 1304 mihi

241 1346 444 1411 necessarium
466 1346 597 1424 videtur,
620 1347 656 1411 ut
679 1348 896 1412 commemoret
907 1347 1102 1429 Agamemno
1118 1346 1253 1411 conscios
1267 1365 1331 1411 esso

241 1455 361 1520 consilii
383 1455 431 1519 sui
451 1454 631 1546 Iphigeniae
653 1455 860 1520 immolandae
878 1454 1087 1538 Calchantem,
1112 1455 1243 1538 Ulixem,
1265 1454 1332 1520 Me-

241 1563 373 1629 nelaum.
415 1563 498 1628 Nam
520 1562 696 1628 Menelaum
725 1563 801 1628 scire
828 1567 955 1647 apparet
977 1584 993 1630 e
1013 1565 1151 1630 diverbia
1173 1567 1237 1630 eius
1261 1584 1331 1629 cum

242 1661 474 1756 Agamemnone
489 1671 561 1736 inde
578 1691 596 1736 a
611 1691 639 1736 v.
654 1672 729 1747 3173
751 1672 788 1738 de
806 1673 895 1738 Ulixe
915 1673 995 1738 idem
1017 1674 1121 1739 mouet
1139 1675 1330 1756 Agamemno

243 1802 269 1846 v.
282 1783 352 1846 524.
386 1781 510 1846 Novum
534 1782 638 1846 autem
660 1782 741 1863 regis
757 1783 919 1848 consilium
934 1783 1095 1864 Euripides
1110 1782 1226 1865 duplici
1240 1783 1330 1847 modo

240 1891 432 1956 conformare
453 1890 588 1972 poterat:
614 1891 678 1968 aut,
702 1891 738 1955 ut
759 1892 795 1955 iu*
814 1894 936 1957 servata
958 1892 1057 1974 prima
1077 1891 1200 1958 fabulae
1221 1909 1328 1955 scaena

240 2000 357 2082 resest,
379 1999 572 2081 Agamemno
586 2000 654 2063 tum
668 2017 738 2064 cum
753 2001 915 2082 prologum
938 1999 1088 2064 recitabat
1109 1999 1329 2081 conscripserat

240 2107 404 2190 epistulam
428 2108 467 2172 ad
490 2106 767 2192 Clytaemnestram
789 2108 983 2187 mittendam,
1006 2109 1061 2173 aut
1083 2109 1151 2189 post
1168 2108 1330 2191 prologum
1394 2173 1397 2178 .

240 2217 404 2298 recitatum
436 2216 606 2297 scripturus
640 2216 716 2280 erat.
760 2215 866 2281 Priore
895 2217 997 2281 autem
1029 2216 1120 2282 modo
1152 2216 1334 2298 Euripidem

240 2325 378 2389 fabulam
401 2323 573 2388 instituisse
595 2341 651 2405 ego
674 2342 734 2389 non
757 2324 854 2390 oredo.
898 2324 932 2390 si
947 2325 1077 2403 fecisset,
1096 2326 1151 2391 aut
1164 2326 1330 2407 Agamem·

221 2433 313 2498 noni
336 2431 508 2497 evocandus
529 2432 596 2496 crat
618 2450 706 2497 senex
728 2434 760 2496 et
782 2432 818 2496 de
840 2433 987 2498 mandato
1010 2433 1180 2518 edocendus
1203 2433 1328 2496 -tum

241 2543 346 2608 eadem
369 2542 441 2620 tere,
464 2560 542 2624 quac
562 2541 666 2624 paullo
682 2543 755 2606 ante
775 2543 1000 2624 spectatoribus
1014 2545 1046 2607 in
1061 2543 1188 2626 prologo
1203 2541 1330 2619 dixerat,

241 2651 280 2716 ad
302 2669 404 2715 senem
427 2668 590 2715 conversus
611 2651 746 2732 repetere
767 2650 899 2716 debebat
913 2651 1065 2734 simulque
1080 2646 1199 2732 partem
1214 2635 1331 2733 primae

239 2777 367 2854 scaenae
388 2759 574 2842 Euripideae
593 2759 718 2841 periisse
746 2760 944 2826 statuendum
971 2761 1017 2825 est
1048 2795 1086 2806 -
1120 2761 1175 2825 aut
1203 2778 1331 2825 souexa

240 2868 464 2951 spectatoribus
486 2887 546 2932 uon
569 2868 652 2932 visus
671 2886 687 2932 e
709 2869 819 2933 castris
833 2868 1003 2933 mittendus
1018 2869 1095 2948 erat,
1115 2869 1147 2933 id
1163 2869 1245 2951 quod
1261 2887 1330 2933 cum

239 2976 360 3060 legibus
386 2976 498 3042 veteris
523 2976 702 3059 tragoediae
730 2981 859 3058 pugnat.
904 2976 1016 3043 Omnes
1045 2979 1147 3042 autem
1176 2977 1331 3042 tolluntur

239 3085 449 3165 difficultates,
472 3085 498 3150 si
513 3085 690 3178 Eumpidam
713 3085 811 3150 altera
833 3086 953 3151 ratione
973 3086 1135 3169 prologum
1159 3086 1331 3151 instituisse

240 3196 399 3260 sumimus.
443 3195 527 3276 Quae
549 3195 702 3260 sententia
724 3213 794 3259 oum
819 3214 887 3260 mea
908 3195 959 3282 sit,
985 3195 1076 3260 finem
1099 3194 1238 3260 facturus
1260 3195 1330 3260 huic

240 3305 507 3371 commentationis
528 3305 610 3386 parti
633 3322 715 3369 nunc
736 3323 893 3386 exponam.
1408 3293 1412 3296 ’

339 3415 531 3498 Agamemno
555 3433 571 3480 e
592 3413 726 3480 tentorio
750 3433 805 3480 suo
827 3413 861 3479 in
884 3433 1026 3480 scaenam
1049 3414 1187 3496 procedit
1209 3417 1240 3481 et
1260 3433 1331 3497 pro-

239 3524 304 3608 logi
326 3541 430 3590 versus
451 3525 585 3602 ‹le-63,
608 3525 741 3603 66-68,
765 3524 1070 3606 70-71(v.supra),
1092 3523 1268 3608 73-76(v.
1281 3522 1330 3602 s),

240 3632 374 3716 80-82,
397 3633 529 3711 84-91,
552 3633 697 3698 94-100
723 3635 754 3698 et
781 3633 952 3718 complures
975 3651 1079 3699 versus
1099 3630 1330 3716 interpolatoris

214 3741 354 3806 ‘iniuria
375 3743 555 3824 absumptos
578 3743 627 3807 vel
648 3743 833 3808 retractatos
851 3742 972 3807 recitat.
1009 3741 1089 3805 Tum
1111 3742 1155 3807 sic
1177 3742 1237 3806 fere
1259 3757 1331 3820 pro·

239 3852 346 3934 logum
375 3852 547 3916 concludit:
590 3851 681 3934 „Doli
710 3852 799 3916 istius
822 3851 936 3917 conscii
958 3851 1031 3915 sunt
1053 3850 1191 3929 Calchas,
1216 3849 1328 3926 Ulixes,

239 3960 406 4026 Menelaus.
448 3961 508 4026 Sed
529 3960 612 4028 filiae
633 3961 1033 4050 misericordiacommotus
1055 3960 1187 4026 alteram
1202 3959 1241 4024 ad
1256 3976 1331 4023 uro-

240 4088 304 4134 rem
327 4069 406 4136 dabo
427 4071 591 4152 epistulam
600 4068 634 4154 ¹),
659 4091 729 4154 qua,
752 4090 790 4135 ne
809 4069 918 4134 mittat
937 4069 1140 4154 Iphigeniam,
1162 4068 1330 4150 imperabo.

339 4228 367 4302 l)
385 4229 558 4287 Vocabulum
575 4226 745 4305 μεταγράφω
763 4230 830 4286 satis
853 4231 957 4285 lectum
983 4229 1020 4302 (v.
1041 4229 1103 4300 108)
1129 4230 1159 4284 in
1172 4223 1329 4294 'Euripidae

210 4403 212 4410 γ
239 4328 356 4399 prologo
375 4329 513 4386 exstitisse
531 4333 638 4384 certum
656 4333 705 4384 cst.
