3080 4960
779 411 813 464 64

191 643 193 650 χ
285 617 289 626 ,
311 581 351 644 40
394 571 593 661 κατάρχομαι
614 576 682 659 μέν,
708 571 829 664 σφάγια
850 578 877 642 δ’
901 567 1046 644 ὅλλοισιν
1067 577 1156 660 μέλει
1182 575 1188 589 ’

395 677 504 773 ἄρρητ’
530 682 662 753 ἔσωθεν
682 687 777 752 τῶνδ’
800 677 987 768 οἷνανιτόριον
1009 688 1101 766 θεᾶς.

249 813 386 879 Tandem
409 782 621 898 cognoverunt
644 814 703 879 riri
727 814 810 880 docti
831 815 886 880 hos
910 834 1013 880 versus
1034 815 1218 880 coniecturis
1238 815 1343 880 sanari

248 941 309 988 non
329 940 425 1004 posse,
455 923 508 988 sed
529 922 708 1003 reficiendos
729 941 793 989 esse
815 923 916 988 onltro
940 923 1057 988 critico.
1100 923 1211 1010 ltaque
1235 922 1344 988 stede-

247 1029 374 1095 ieldtius
396 1050 425 1095 r.
446 1031 497 1094 40.
517 1031 567 1108 41,
600 1030 663 1096 alia
689 1030 741 1096 via
770 1049 948 1114 progressus
972 1031 1147 1114 Koechlyus
1176 1051 1204 1094 u.
1228 1032 1278 1095 36.
1301 1030 1342 1094 38

249 1138 419 1204 damnant.
462 1138 521 1204 Sed
543 1138 669 1203 illorum
691 1139 903 1214 conaminibus
931 1159 992 1205 non
1018 1158 1139 1204 omnem
1163 1139 1233 1204 tolli
1259 1137 1343 1202 dilli-

249 1246 400 1312 cultatem
433 1246 548 1329 optime
582 1247 728 1330 cognovit
755 1248 921 1312 Usenerus.
972 1247 1054 1312 Nam
1082 1248 1109 1312 si
1132 1248 1224 1313 verba
1248 1240 1288 1308 τὰ
1313 1245 1341 1309 δ’

248 1345 330 1420 dira
351 1357 440 1438 σιγῶ,
473 1349 531 1442 τὴν
553 1350 636 1419 θεὸν
658 1352 844 1442 φοβουμένη
871 1357 912 1421 ad
938 1355 1090 1421 saorilioia
1118 1357 1179 1421 ista
1211 1341 1343 1420 nefanda

249 1463 406 1530 referenda
436 1465 517 1542 sunt,
550 1464 582 1528 id
611 1464 692 1548 quod
725 1464 862 1529 dubitari
892 1483 953 1529 non
981 1463 1091 1547 potest,
1125 1464 1275 1548 sequitur,
1308 1464 1345 1531 ut

250 1592 355 1638 versus
373 1572 589 1652 „sanissimos“
607 1574 657 1637 38.
669 1572 719 1651 39,
742 1572 853 1654 quibus
876 1572 951 1638 haee
972 1575 1077 1654 aperte
1090 1573 1342 1656 pronuntiantur,

251 1681 407 1748 deleamus
417 1677 451 1765 l).
496 1681 533 1744 In
565 1682 700 1746 versibus
730 1682 835 1746 autem
856 1683 906 1746 35.
934 1683 975 1745 36
1007 1683 1116 1747 insana
1145 1684 1218 1746 suut
1250 1681 1344 1745 verba

251 1778 717 1873 doev‚sed(eut’210eeprg),
750 1784 875 1874 ἑορτῆς,
898 1779 1028 1872 τοῦνομ’
1057 1778 1094 1875 ἧς
1113 1784 1212 1854 καλὸν
1234 1782 1345 1871 μόνον,

251 1901 448 1984 quamobrem
472 1901 506 1965 hi
528 1918 649 1985 quoque
672 1899 887 1983 interpolatori
901 1901 1058 1967 tribuendi
1072 1902 1154 1965 suut.
1179 1899 1231 1965 Sio
1246 1899 1346 1982 igitur

251 2010 404 2075 Usenerus
425 2010 548 2093 egregie
569 2010 673 2075 loeum
692 2011 844 2075 restituit:

399 2143 440 2207 34
482 2145 589 2207 ναοῖσι
611 2140 638 2206 δ’
662 2139 696 2205 ἑν
716 2139 820 2206 τοῖσδ’
844 2133 946 2222 ispius
967 2137 1082 2226 τίθησί
1095 2163 1147 2226 με,

400 2253 439 2315 37
481 2245 523 2315 τὰ
545 2250 573 2316 δ’
595 2239 676 2314 titia
698 2249 788 2334 σιγῶ,
810 2244 868 2335 τὴν
889 2246 972 2314 θεὸν
993 2250 1190 2338 φοβουμένη.

252 2388 320 2452 Iam
343 2386 420 2452 bene
441 2385 580 2468 sequitur
603 2404 631 2450 v.
654 2385 709 2449 42:

431 2511 565 2584 ἃκαινοὶ
587 2519 615 2584 δ’
638 2514 708 2607 ἥκει
729 2514 787 2601 νύξ
807 2519 953 2607 φέρουσα
976 2514 1130 2608 φάσματα

433 2627 514 2710 λέξω
537 2627 622 2710 πρὸς
643 2623 761 2713 αἰθέρ’,
784 2623 819 2694 εἴ
834 2653 865 2695 τι
886 2625 924 2716 δὴ
947 2630 1014 2696 τόδ’
1038 2627 1104 2696 ἔστ’
1124 2621 1210 2708 ἄκος.

480 2836 528 2900 14.
572 2834 622 2900 De
643 2834 933 2901 Phoenissarum
955 2837 1122 2920 prologo.

351 2995 588 3061 Phoenissarum
610 2994 773 3078 prologum
795 3015 865 3060 eum
887 3015 959 3075 esse,
982 2997 1015 3060 in
1037 3016 1096 3079 quo
1116 2997 1278 3081 Euripides
1298 3018 1348 3064 res

253 3105 423 3172 narrandas
446 3122 540 3186 quam
561 3103 740 3185 longissime
762 3104 891 3187 repetat,
914 3106 1022 3188 negari
1044 3124 1105 3170 non
1126 3107 1237 3189 potest.
1259 3106 1348 3188 Quod

253 3217 308 3282 alii
329 3217 436 3300 poetae
458 3216 535 3280 vitio
558 3215 725 3293 verterunt,
759 3214 814 3279 alii
840 3215 885 3279 ita
907 3215 1093 3280 studuerunt
1120 3215 1279 3299 explicare,
1312 3218 1349 3281 ut

253 3326 376 3407 poetam
402 3323 478 3388 duas
505 3323 623 3406 priores
650 3321 771 3386 fabulas
794 3309 986 3402 'Oedipodae
1009 3321 1206 3407 Aeschyleae,
1236 3323 1348 3389 Laium

254 3436 284 3499 et
304 3431 464 3514 Oedipum,
487 3431 614 3514 prologo
638 3429 802 3512 oompleoti
822 3429 955 3495 voluisse
977 3431 1156 3511 diooreutl).
1191 3431 1348 3497 Neutrum

254 3544 332 3608 mihi
353 3560 459 3606 verum
481 3541 612 3606 videtur.
656 3539 749 3604 Error
769 3541 872 3605 autem
896 3539 1080 3605 indonatus
1107 3542 1162 3623 est,
1195 3541 1277 3625 quod
1300 3541 1348 3605 illi

254 3651 438 3716 Phoenissas
451 3649 648 3732 Euripideum
665 3650 695 3713 et
707 3648 828 3731 Septem
843 3631 1045 3732 Aesohyleam
1061 3649 1189 3714 eandem
1209 3650 1349 3715 fabulam

254 3779 319 3825 esse
342 3760 540 3826 censuerunt.
579 3757 648 3837 Sed,
684 3759 719 3822 ut
742 3757 936 3823 unumillud
960 3776 1102 3823 moneam
1125 3760 1247 3842 quoad
1279 3779 1351 3842 pro·

255 3869 363 3953 logum
394 3868 536 3951 pertinet,
571 3867 605 3931 in
629 3867 804 3932 Phoenissis
834 3865 994 3948 Euripides
1017 3864 1132 3950 Oedipo
1159 3868 1351 3950 maximeque

256 4019 451 4027 -—-—..........

357 4101 381 4170 1)
399 4101 549 4157 Postmodo
567 4102 623 4158 alia
641 4102 763 4158 eiusdem
780 4101 891 4172 generis
910 4101 1157 4172 interpolationnm
1175 4099 1303 4168 exempla
1321 4099 1351 4153 in

188 4253 191 4262 ,
256 4197 346 4252 lueem
362 4196 512 4268 proferam.

323 4359 325 4366 Α
356 4297 382 4366 2)
402 4295 442 4351 uf.
463 4297 637 4377 Commerum
656 4297 673 4350 l.
693 4297 710 4350 l.
731 4314 758 4366 p.
778 4297 812 4350 52
831 4313 870 4365 sq.
