3080 4960
230 609 284 676 per
304 611 336 658 se
357 591 434 658 satis
454 593 535 658 bona
562 584 601 680 ἥν
628 589 704 654 κατ’
735 587 768 667 ἐς
788 583 897 654 Πυθώ
926 583 1037 672 μολών
1066 577 1164 678 ᾔτησε
1198 589 1322 670 Φοῖβον

229 695 365 782 καιρός,
386 701 465 766 οἱοί
485 719 608 767 sensum
629 699 764 782 respicis,
785 699 931 782 eoniuugi
945 699 1034 765 debet
1048 717 1118 764 oum
1133 715 1208 764 vooe
1221 695 1321 783 δίκην,

229 809 317 877 eiad
339 809 711 887 struaturnmuerborum,
737 826 805 873 oum
828 825 903 872 uoee
922 803 1046 889 μανίας.
1078 807 1193 874 Statim
1215 805 1322 889 postea
1353 851 1357 863 ι

229 919 343 984 iterum
363 918 531 984 haeremus.
576 917 761 999 lnterpretes
783 915 865 980 euim
886 897 934 995 οὗ,
969 914 1051 998 quod
1076 915 1192 998 legitur
1217 933 1247 980 a.
1271 913 1321 994 53,

229 1027 339 1093 uolunt
360 1045 425 1092 ene
446 1025 661 1110 possessivum,
684 1025 766 1109 qnod
788 1026 893 1090 tamen
915 1025 946 1090 et
962 1023 1156 1090 rarissimum
1177 1023 1223 1088 est
1239 1023 1322 1106 apud

229 1137 366 1220 tragioos
390 1135 583 1218 maximeque
604 1133 815 1217 Euripidem)
836 1134 867 1198 et
889 1151 994 1198 verene
1023 1151 1148 1199 oaeeura
1175 1133 1253 1198 satie
1274 1151 1323 1198 re-

230 1245 359 1311 fellitur.
401 1238 461 1311 Sed
487 1243 659 1310 Hermanni
688 1243 864 1316 oouieetnra
885 1241 1014 1308 ’καίνειν
1040 1242 1202 1308 scribentis
1229 1259 1322 1308 eausa

231 1356 306 1434 erat,
329 1353 445 1419 enred
467 1353 548 1419 hano
560 1353 845 1436 interpretationem
862 1353 1077 1446 confugerent:
1101 1351 1219 1418 eodioes
1234 1369 1323 1434 prae·

230 1462 304 1528 bent
326 1447 364 1527 οὗ
388 1460 505 1526 κτείνει
527 1462 576 1528 uei
599 1445 638 1526 οὗ
657 1459 754 1542 κίνει,
781 1462 900 1528 scholia
921 1461 1074 1544 explicant
1095 1459 1257 1526 tentionem
1280 1443 1322 1524 ori

230 1569 356 1650 κτείνει,
380 1590 485 1637 unum·
500 1572 604 1638 autem
627 1570 749 1656 egregie
770 1571 827 1636 hoo
848 1571 983 1637 testatur
1002 1569 1056 1655 (nd
1076 1589 1106 1636 v.
1127 1570 1195 1654 5l):
1216 1591 1264 1654 pp.
1287 1566 1324 1634 δὲ

230 1663 270 1745 οὗ
292 1665 401 1745 ’κ’τίνει
421 1677 521 1764 δίκην,
548 1677 589 1744 ἵν’
612 1665 649 1768 ᾗ·
673 1674 770 1760 ὅπου,-
805 1677 839 1744 ὲν
859 1683 982 1758 Πυθοῖ,
1014 1677 1174 1762 τιμωρίαν
1198 1676 1323 1745 δίδωσι.

231 1789 330 1856 Nemo
352 1789 520 1869 dubitabit,
546 1789 622 1874 quin
643 1790 702 1856 hoe
722 1789 822 1874 ipsum
845 1789 1019 1873 antiquitus
1040 1788 1193 1854 traditum
1214 1787 1323 1853 fuerit:

231 1899 319 1964 uaria
342 1899 483 1964 oodionm
503 1899 595 1982 lentio
618 1899 687 1964 orta
713 1899 760 1964 e'st
786 1917 821 1964 ex
844 1897 1018 1982 Byzantina
1048 1898 1212 1980 seriptura.
1256 1896 1323 1962 Iam

231 2006 325 2090 uides,
348 2026 441 2090 quam
463 2007 544 2072 mele
565 2007 727 2073 doeterum
750 2007 888 2072 virorum
910 2007 1094 2072 oonieoturie
1115 2005 1204 2072 naevi
1231 2004 1324 2070 huius

230 2115 291 2180 looi
323 2114 495 2180 oblitterati
527 2115 600 2180 siut.
643 2115 688 2180 Aa
710 2115 844 2199 genuina
866 2115 997 2182 lectione
1018 2116 1165 2181 restituta
1186 2116 1323 2181 membra

230 2223 359 2288 disiecta
380 2241 432 2306 per
454 2243 488 2288 ee
508 2224 584 2290 eatis
606 2225 688 2290 bona
709 2213 925 2302 nanciscimur,
959 2224 1184 2290 sententiarum
1214 2224 1321 2306 aptum

231 2351 341 2399 nexum
363 2334 449 2398 nullo
472 2333 563 2398 modo
585 2332 704 2398 efficere
730 2352 900 2416 possumus.
935 2332 1095 2398 Aooedunt
1116 2331 1187 2399 alia.
1215 2330 1324 2399 Nemi·

230 2461 301 2508 nem
324 2442 378 2526 qni
399 2442 481 2506 huno
502 2441 606 2508 looum
627 2440 708 2526 legit
729 2460 790 2507 nou
811 2441 938 2507 offendit
959 2440 1117 2525 inelegans
1138 2442 1195 2506 aut
1214 2460 1324 2508 eorun-

232 2551 302 2617 dem
323 2552 379 2617 aut
399 2568 638 2636 synonymorum
654 2551 877 2618 venabulorum
896 2551 981 2616 intra
1002 2550 1165 2616 minimum
1188 2550 1324 2633 epatium

231 2660 390 2743 repetitio:

233 2783 283 2866 50,
305 2777 344 2851 5'1
368 2776 466 2851 οἷπών
488 2775 805 2872 Δελφῶνκακάίαν
966 2787 1006 2851 52
1028 2783 1061 2862 ἐς
1081 2783 1190 2850 Πυθώ
1213 2778 1325 2868 μολών

151 2906 153 2910 ’
305 2897 344 2961 51
366 2893 478 2982 Λοξίᾳ
965 2898 1005 2962 53
1029 2898 1153 2976 Φοῖβον

305 3004 345 3068 51
369 2997 454 3068 ἔνθα
475 3001 566 3087 δίκην
586 2999 701 3068 δίδωσι
731 3039 737 3052 ·
962 3005 1002 3069 53
1025 2987 1064 3069 οὗ
1085 3001 1196 3068 ’κτίνει
1223 3002 1322 3088 δίκην.

232 3129 322 3214 δίκην
344 3129 377 3194 in
402 3129 462 3195 fine
484 3147 628 3195 uersuum
647 3131 686 3194 51
710 3131 740 3196 et
763 3131 803 3196 53
825 3129 961 3218 positum
981 3131 1037 3195 est.
1080 3129 1171 3195 Dioes
1193 3129 1326 3195 fortasse

232 3259 279 3304 ree
300 3258 379 3322 quae
400 3239 458 3304 hoo
478 3239 546 3304 loeo
568 3237 758 3318 enarrentur,
793 3239 839 3305 ita
861 3241 1055 3323 comparatas
1078 3257 1150 3318 esse,
1185 3237 1221 3303 nt
1242 3257 1325 3322 repe·

231 3345 358 3412 titiones
381 3346 492 3412 evitari
517 3365 577 3413 non
600 3347 736 3430 possint:
759 3347 829 3412 vide
844 3349 958 3426 tamen,
982 3348 1098 3432 quanto
1113 3345 1340 3412 meliusEuri-‘

235 3455 320 3539 pides
351 3475 416 3521 rem
445 3475 532 3522 suam
563 3455 691 3540 gesserit
719 3447 859 3522 seluo
881 3475 942 3539 sq.,
981 3456 1034 3521 ubi
1066 3473 1190 3538 prorsus
1219 3455 1326 3521 eadem

233 3566 430 3631 enarrantur:

581 3674 694 3762 Φοίβῳ
715 3678 772 3764 τῆς
796 3669 936 3759 πάροιθ’
959 3669 1117 3758 ἁμαρτίας

381 3783 471 3862 δίκας
493 3787 673 3868 παρασχεῖν
693 3779 916 3868 βουλόμεσθ’·
940 3773 1043 3874 ᾔτησα
1064 3783 1121 3868 γὰρ

382 3887 509 3978 πατρός
530 3895 605 3961 κατ’
630 3885 729 3961 utnon
749 3895 887 3979 αἳματος
910 3895 1023 3960 δοῦναι
1043 3891 1143 3979 δίκην.

235 4021 400 4087 Praeterea
422 4019 460 4086 ab
483 4021 588 4086 nostro
609 4021 677 4086 loeo
700 4041 824 4105 prorsus
845 4021 989 4086 abhorret
1011 4019 1197 4087 vocabulum
1211 4017 1327 4101 μανίας

243 4201 436 4212 ,ιη-...ι-υ---η

334 4299 357 4370 ι)
376 4300 447 4358 vies
466 4300 563 4358 ulma
583 4300 619 4357 eu
636 4299 703 4357 nur.
721 4300 795 4357 use.
814 4301 875 4356 aas.
