<?xml version="1.0" encoding="UTF-8"?>
<!DOCTYPE html PUBLIC "-//W3C//DTD XHTML 1.0 Transitional//EN"
    "http://www.w3.org/TR/xhtml1/DTD/xhtml1-transitional.dtd">
<html xmlns="http://www.w3.org/1999/xhtml" xml:lang="en" lang="en">
 <head>
  <title>
</title>
<meta http-equiv="Content-Type" content="text/html;charset=utf-8" />
  <meta name='ocr-system' content='tesseract 3.04.00' />
  <meta name='ocr-capabilities' content='ocr_page ocr_carea ocr_par ocr_line ocrx_word'/>
</head>
<body>
  <div class='ocr_page' id='page_1' title='image "./deeuripideorump01klingoog_0039.png"; bbox 0 0 3080 4960; ppageno 0'>
   <div class='ocr_carea' id='block_1_1' title="bbox 780 443 816 496">
    <p class='ocr_par' dir='ltr' id='par_1_1' title="bbox 780 443 816 496">
     <span class='ocr_line' id='line_1_1' title="bbox 780 443 816 496; baseline 0 0"><span class='ocrx_word' id='word_1_1' title='bbox 780 443 816 496; x_wconf 76' lang='grc'>34</span> 
     </span>
    </p>
   </div>
   <div class='ocr_carea' id='block_1_2' title="bbox 160 601 1425 3963">
    <p class='ocr_par' dir='ltr' id='par_1_2' title="bbox 160 601 1425 3856">
     <span class='ocr_line' id='line_1_2' title="bbox 248 601 1340 698; baseline -0.006 -18"><span class='ocrx_word' id='word_1_2' title='bbox 248 633 326 680; x_wconf 79' lang='lat' dir='ltr'>mus</span> <span class='ocrx_word' id='word_1_3' title='bbox 369 615 470 680; x_wconf 86' lang='lat' dir='ltr'>Verba</span> <span class='ocrx_word' id='word_1_4' title='bbox 490 613 572 680; x_wconf 86' lang='lat' dir='ltr'>euim</span> <span class='ocrx_word' id='word_1_5' title='bbox 592 614 648 676; x_wconf 82' lang='grc' dir='ltr'>νῦν</span> <span class='ocrx_word' id='word_1_6' title='bbox 669 611 697 677; x_wconf 77' lang='grc' dir='ltr'>δ’</span> <span class='ocrx_word' id='word_1_7' title='bbox 718 607 802 694; x_wconf 74' lang='grc' dir='ltr'><strong><em>ὑπὲρ</em></strong></span> <span class='ocrx_word' id='word_1_8' title='bbox 822 606 945 696; x_wconf 79' lang='grc' dir='ltr'><strong><em>μητρὸς</em></strong></span> <span class='ocrx_word' id='word_1_9' title='bbox 965 610 1063 698; x_wconf 82' lang='grc' dir='ltr'><strong><em>φίλης</em></strong></span> <span class='ocrx_word' id='word_1_10' title='bbox 1080 603 1215 695; x_wconf 79' lang='grc' dir='ltr'><strong><em>Ἑκάβης</em></strong></span> <span class='ocrx_word' id='word_1_11' title='bbox 1235 601 1340 675; x_wconf 67' lang='lat' dir='ltr'>doce</span> 
     </span>
     <span class='ocr_line' id='line_1_3' title="bbox 247 719 1341 806; baseline -0.004 -19"><span class='ocrx_word' id='word_1_12' title='bbox 247 742 309 789; x_wconf 89' lang='lat' dir='ltr'>non</span> <span class='ocrx_word' id='word_1_13' title='bbox 331 724 460 806; x_wconf 78' lang='lat' dir='ltr'>possunt</span> <span class='ocrx_word' id='word_1_14' title='bbox 479 721 630 804; x_wconf 79' lang='lat' dir='ltr'>intellegi,</span> <span class='ocrx_word' id='word_1_15' title='bbox 653 722 714 787; x_wconf 93' lang='lat' dir='ltr'>nisi</span> <span class='ocrx_word' id='word_1_16' title='bbox 729 722 917 806; x_wconf 79' lang='lat' dir='ltr'><strong>Polydorum</strong></span> <span class='ocrx_word' id='word_1_17' title='bbox 939 721 972 785; x_wconf 93' lang='lat' dir='ltr'>in</span> <span class='ocrx_word' id='word_1_18' title='bbox 994 739 1104 786; x_wconf 79' lang='lat' dir='ltr'><strong>scaena</strong></span> <span class='ocrx_word' id='word_1_19' title='bbox 1125 719 1341 803; x_wconf 76' lang='lat' dir='ltr'>pendentem</span> 
     </span>
     <span class='ocr_line' id='line_1_4' title="bbox 247 831 1344 914; baseline -0.004 -18"><span class='ocrx_word' id='word_1_20' title='bbox 247 833 471 914; x_wconf 76' lang='lat' dir='ltr'>spectatoribus</span> <span class='ocrx_word' id='word_1_21' title='bbox 500 831 678 913; x_wconf 81' lang='lat' dir='ltr'>apparuisse</span> <span class='ocrx_word' id='word_1_22' title='bbox 705 831 866 895; x_wconf 87' lang='lat' dir='ltr'>sumimus.</span> <span class='ocrx_word' id='word_1_23' title='bbox 909 831 1000 895; x_wconf 92' lang='lat' dir='ltr'>Hanc</span> <span class='ocrx_word' id='word_1_24' title='bbox 1026 831 1131 895; x_wconf 83' lang='lat' dir='ltr'>aulem</span> <span class='ocrx_word' id='word_1_25' title='bbox 1153 835 1257 895; x_wconf 82' lang='lat' dir='ltr'>veram</span> <span class='ocrx_word' id='word_1_26' title='bbox 1279 845 1344 893; x_wconf 89' lang='lat' dir='ltr'>esse</span> 
     </span>
     <span class='ocr_line' id='line_1_5' title="bbox 248 939 1344 1024; baseline -0.005 -19"><span class='ocrx_word' id='word_1_27' title='bbox 248 941 535 1024; x_wconf 82' lang='lat' dir='ltr'>interpretationem</span> <span class='ocrx_word' id='word_1_28' title='bbox 558 940 680 1023; x_wconf 83' lang='lat' dir='ltr'>egregie</span> <span class='ocrx_word' id='word_1_29' title='bbox 710 939 821 1022; x_wconf 89' lang='lat' dir='ltr'>probat</span> <span class='ocrx_word' id='word_1_30' title='bbox 848 957 953 1004; x_wconf 84' lang='lat' dir='ltr'>versus</span> <span class='ocrx_word' id='word_1_31' title='bbox 979 939 1166 1022; x_wconf 85' lang='lat' dir='ltr'>adscriptus:</span> <span class='ocrx_word' id='word_1_32' title='bbox 1198 940 1344 1020; x_wconf 77' lang='grc' dir='ltr'><strong><em>τριταῖον</em></strong></span> 
     </span>
     <span class='ocr_line' id='line_1_6' title="bbox 248 1039 1343 1137; baseline -0.004 -23"><span class='ocrx_word' id='word_1_33' title='bbox 248 1039 310 1134; x_wconf 77' lang='grc' dir='ltr'>ἤδη</span> <span class='ocrx_word' id='word_1_34' title='bbox 333 1049 450 1137; x_wconf 77' lang='grc' dir='ltr'><strong><em>φέγγος</em></strong></span> <span class='ocrx_word' id='word_1_35' title='bbox 471 1043 755 1131; x_wconf 80' lang='grc' dir='ltr'><strong><em>αἰωρούμενος,</em></strong></span> <span class='ocrx_word' id='word_1_36' title='bbox 779 1049 829 1114; x_wconf 91' lang='lat' dir='ltr'>cui</span> <span class='ocrx_word' id='word_1_37' title='bbox 850 1048 959 1114; x_wconf 90' lang='lat' dir='ltr'>scholii</span> <span class='ocrx_word' id='word_1_38' title='bbox 980 1048 1080 1113; x_wconf 89' lang='lat' dir='ltr'>instar</span> <span class='ocrx_word' id='word_1_39' title='bbox 1101 1047 1183 1114; x_wconf 89' lang='lat' dir='ltr'>addo</span> <span class='ocrx_word' id='word_1_40' title='bbox 1203 1047 1282 1112; x_wconf 92' lang='lat' dir='ltr'>Poll.</span> <span class='ocrx_word' id='word_1_41' title='bbox 1297 1046 1343 1112; x_wconf 88' lang='lat' dir='ltr'>IV</span> 
     </span>
     <span class='ocr_line' id='line_1_7' title="bbox 160 1149 1342 1252; baseline -0.004 -27"><span class='ocrx_word' id='word_1_42' title='bbox 160 1247 163 1252; x_wconf 16' lang='grc' dir='ltr'>ἱ</span> <span class='ocrx_word' id='word_1_43' title='bbox 249 1160 322 1224; x_wconf 82' lang='lat'>131:</span> <span class='ocrx_word' id='word_1_44' title='bbox 357 1153 479 1241; x_wconf 83' lang='grc' dir='ltr'><em>αἰώρας</em></span> <span class='ocrx_word' id='word_1_45' title='bbox 510 1151 579 1222; x_wconf 76' lang='grc' dir='ltr'>δ’ὄῖν</span> <span class='ocrx_word' id='word_1_46' title='bbox 606 1151 715 1235; x_wconf 74' lang='grc' dir='ltr'><strong><em>εἴποις</em></strong></span> <span class='ocrx_word' id='word_1_47' title='bbox 741 1152 971 1235; x_wconf 54' lang='lat' dir='ltr'>vocandine,</span> <span class='ocrx_word' id='word_1_48' title='bbox 1006 1151 1043 1221; x_wconf 78' lang='grc' dir='ltr'>οἳ</span> <span class='ocrx_word' id='word_1_49' title='bbox 1067 1149 1278 1242; x_wconf 78' lang='grc' dir='ltr'><strong><em>κατήρτηνται</em></strong></span> <span class='ocrx_word' id='word_1_50' title='bbox 1307 1153 1342 1236; x_wconf 80' lang='grc' dir='ltr'>ἐξ</span> 
     </span>
     <span class='ocr_line' id='line_1_8' title="bbox 246 1251 1344 1352; baseline -0.004 -21"><span class='ocrx_word' id='word_1_51' title='bbox 246 1262 356 1351; x_wconf 68' lang='grc' dir='ltr'><strong><em>ὕψους</em></strong></span> <span class='ocrx_word' id='word_1_52' title='bbox 377 1251 499 1347; x_wconf 76' lang='grc' dir='ltr'><strong><em>α’νὲχειν</em></strong></span> <span class='ocrx_word' id='word_1_53' title='bbox 520 1262 610 1345; x_wconf 77' lang='grc' dir='ltr'>τούς</span> <span class='ocrx_word' id='word_1_54' title='bbox 637 1265 704 1334; x_wconf 77' lang='grc' dir='ltr'>ἐπὶ</span> <span class='ocrx_word' id='word_1_55' title='bbox 732 1269 800 1332; x_wconf 83' lang='grc' dir='ltr'>τοῦ</span> <span class='ocrx_word' id='word_1_56' title='bbox 822 1257 935 1350; x_wconf 78' lang='grc' dir='ltr'><strong><em>ἆέρος</em></strong></span> <span class='ocrx_word' id='word_1_57' title='bbox 960 1264 1156 1352; x_wconf 72' lang='grc' dir='ltr'><strong><em>φέρεσθαι</em></strong></span> <span class='ocrx_word' id='word_1_58' title='bbox 1182 1264 1344 1330; x_wconf 71' lang='grc' dir='ltr'><strong><em>δοκοῦν-</em></strong></span> 
     </span>
     <span class='ocr_line' id='line_1_9' title="bbox 247 1371 1345 1465; baseline -0.003 -25"><span class='ocrx_word' id='word_1_59' title='bbox 247 1400 315 1454; x_wconf 81' lang='grc' dir='ltr'>τας</span> <span class='ocrx_word' id='word_1_60' title='bbox 341 1371 442 1465; x_wconf 76' lang='grc' dir='ltr'><strong><em>ἣρως</em></strong></span> <span class='ocrx_word' id='word_1_61' title='bbox 466 1371 487 1464; x_wconf 75' lang='grc' dir='ltr'><strong><em>ἢ</em></strong></span> <span class='ocrx_word' id='word_1_62' title='bbox 512 1371 641 1454; x_wconf 70' lang='grc' dir='ltr'><strong><em>θεούς.</em></strong></span> <span class='ocrx_word' id='word_1_63' title='bbox 679 1377 749 1442; x_wconf 84' lang='grc' dir='ltr'>Ηοο</span> <span class='ocrx_word' id='word_1_64' title='bbox 775 1377 879 1442; x_wconf 92' lang='lat' dir='ltr'>autem</span> <span class='ocrx_word' id='word_1_65' title='bbox 906 1376 1026 1460; x_wconf 87' lang='lat' dir='ltr'>pugnat</span> <span class='ocrx_word' id='word_1_66' title='bbox 1056 1393 1126 1440; x_wconf 91' lang='lat' dir='ltr'>cum</span> <span class='ocrx_word' id='word_1_67' title='bbox 1153 1375 1252 1458; x_wconf 91' lang='lat' dir='ltr'>primo</span> <span class='ocrx_word' id='word_1_68' title='bbox 1273 1392 1345 1457; x_wconf 91' lang='lat' dir='ltr'>pro·</span> 
     </span>
     <span class='ocr_line' id='line_1_10' title="bbox 247 1479 1345 1574; baseline -0.005 -24"><span class='ocrx_word' id='word_1_69' title='bbox 247 1487 312 1569; x_wconf 86' lang='lat' dir='ltr'>logi</span> <span class='ocrx_word' id='word_1_70' title='bbox 342 1487 492 1552; x_wconf 87' lang='lat' dir='ltr'>vocabulo</span> <span class='ocrx_word' id='word_1_71' title='bbox 521 1479 589 1574; x_wconf 80' lang='grc' dir='ltr'>ἥκω</span> <span class='ocrx_word' id='word_1_72' title='bbox 625 1485 818 1568; x_wconf 84' lang='lat' dir='ltr'>maximeque</span> <span class='ocrx_word' id='word_1_73' title='bbox 854 1503 924 1549; x_wconf 93' lang='lat' dir='ltr'>oum</span> <span class='ocrx_word' id='word_1_74' title='bbox 960 1484 1061 1550; x_wconf 84' lang='lat' dir='ltr'>verbis</span> <span class='ocrx_word' id='word_1_75' title='bbox 1091 1503 1122 1549; x_wconf 82' lang='lat' dir='ltr'>v.</span> <span class='ocrx_word' id='word_1_76' title='bbox 1144 1485 1200 1550; x_wconf 82' lang='lat'>52:</span> <span class='ocrx_word' id='word_1_77' title='bbox 1232 1482 1345 1569; x_wconf 81' lang='grc' dir='ltr'><strong><em>μοραιᾷ</em></strong></span> 
     </span>
     <span class='ocr_line' id='line_1_11' title="bbox 248 1589 1346 1682; baseline -0.003 -24"><span class='ocrx_word' id='word_1_78' title='bbox 248 1593 276 1658; x_wconf 87' lang='lat' dir='ltr'>d&#39;</span> <span class='ocrx_word' id='word_1_79' title='bbox 299 1589 478 1660; x_wconf 77' lang='grc' dir='ltr'><strong><em>ἐκποδών</em></strong></span> <span class='ocrx_word' id='word_1_80' title='bbox 498 1589 738 1682; x_wconf 79' lang='grc' dir='ltr'><strong><em>χωρήσομαι.</em></strong></span> <span class='ocrx_word' id='word_1_81' title='bbox 773 1589 882 1677; x_wconf 86' lang='lat' dir='ltr'>Neque</span> <span class='ocrx_word' id='word_1_82' title='bbox 903 1594 1014 1659; x_wconf 89' lang='lat' dir='ltr'>desunt</span> <span class='ocrx_word' id='word_1_83' title='bbox 1036 1593 1099 1658; x_wconf 86' lang='lat' dir='ltr'>alia</span> <span class='ocrx_word' id='word_1_84' title='bbox 1120 1591 1263 1676; x_wconf 86' lang='lat' dir='ltr'>quamvis</span> <span class='ocrx_word' id='word_1_85' title='bbox 1285 1591 1346 1655; x_wconf 89' lang='lat' dir='ltr'>mi·</span> 
     </span>
     <span class='ocr_line' id='line_1_12' title="bbox 250 1691 1345 1790; baseline -0.002 -23"><span class='ocrx_word' id='word_1_86' title='bbox 250 1722 325 1768; x_wconf 88' lang='lat' dir='ltr'>nora</span> <span class='ocrx_word' id='word_1_87' title='bbox 346 1703 595 1786; x_wconf 83' lang='lat' dir='ltr'>interpolationis</span> <span class='ocrx_word' id='word_1_88' title='bbox 618 1691 744 1768; x_wconf 90' lang='lat' dir='ltr'>indicia.</span> <span class='ocrx_word' id='word_1_89' title='bbox 785 1702 847 1769; x_wconf 79' lang='lat' dir='ltr'>Gur</span> <span class='ocrx_word' id='word_1_90' title='bbox 869 1701 993 1768; x_wconf 86' lang='lat' dir='ltr'>tandem</span> <span class='ocrx_word' id='word_1_91' title='bbox 1010 1701 1182 1790; x_wconf 81' lang='lat' dir='ltr'>Polydorus</span> <span class='ocrx_word' id='word_1_92' title='bbox 1202 1701 1268 1766; x_wconf 90' lang='lat' dir='ltr'>tarn</span> <span class='ocrx_word' id='word_1_93' title='bbox 1291 1716 1345 1766; x_wconf 92' lang='lat' dir='ltr'>ac·</span> 
     </span>
     <span class='ocr_line' id='line_1_13' title="bbox 249 1809 1346 1896; baseline -0.004 -19"><span class='ocrx_word' id='word_1_94' title='bbox 249 1814 355 1878; x_wconf 89' lang='lat' dir='ltr'>curate</span> <span class='ocrx_word' id='word_1_95' title='bbox 376 1813 568 1894; x_wconf 82' lang='lat' dir='ltr'>pronuntiat,</span> <span class='ocrx_word' id='word_1_96' title='bbox 600 1832 670 1896; x_wconf 89' lang='lat' dir='ltr'>quo</span> <span class='ocrx_word' id='word_1_97' title='bbox 691 1813 860 1895; x_wconf 88' lang='lat' dir='ltr'>tempore</span> <span class='ocrx_word' id='word_1_98' title='bbox 881 1812 1064 1878; x_wconf 89' lang='lat' dir='ltr'>interfectus</span> <span class='ocrx_word' id='word_1_99' title='bbox 1085 1811 1149 1876; x_wconf 83' lang='lat' dir='ltr'>sit?</span> <span class='ocrx_word' id='word_1_100' title='bbox 1190 1809 1276 1876; x_wconf 81' lang='lat' dir='ltr'>Satis</span> <span class='ocrx_word' id='word_1_101' title='bbox 1298 1809 1346 1874; x_wconf 91' lang='lat' dir='ltr'>est</span> 
     </span>
     <span class='ocr_line' id='line_1_14' title="bbox 247 1920 1344 2010; baseline -0.002 -25"><span class='ocrx_word' id='word_1_102' title='bbox 247 1921 325 1985; x_wconf 89' lang='lat' dir='ltr'>scire</span> <span class='ocrx_word' id='word_1_103' title='bbox 353 1922 539 2010; x_wconf 83' lang='lat' dir='ltr'>spectatores</span> <span class='ocrx_word' id='word_1_104' title='bbox 567 1923 758 2006; x_wconf 84' lang='lat' dir='ltr'>Polydorum</span> <span class='ocrx_word' id='word_1_105' title='bbox 785 1924 856 2005; x_wconf 89' lang='lat' dir='ltr'>post</span> <span class='ocrx_word' id='word_1_106' title='bbox 887 1922 1013 1987; x_wconf 84' lang='lat' dir='ltr'>Troiam</span> <span class='ocrx_word' id='word_1_107' title='bbox 1042 1922 1164 2005; x_wconf 86' lang='lat' dir='ltr'>captam</span> <span class='ocrx_word' id='word_1_108' title='bbox 1200 1920 1344 1985; x_wconf 88' lang='lat' dir='ltr'>necatum</span> 
     </span>
     <span class='ocr_line' id='line_1_15' title="bbox 250 2028 1344 2114; baseline -0.004 -18"><span class='ocrx_word' id='word_1_109' title='bbox 250 2047 322 2106; x_wconf 85' lang='lat' dir='ltr'>esse,</span> <span class='ocrx_word' id='word_1_110' title='bbox 359 2031 441 2112; x_wconf 89' lang='lat' dir='ltr'>quod</span> <span class='ocrx_word' id='word_1_111' title='bbox 463 2031 527 2114; x_wconf 90' lang='lat' dir='ltr'>ipse</span> <span class='ocrx_word' id='word_1_112' title='bbox 549 2031 625 2096; x_wconf 87' lang='lat' dir='ltr'>dicit</span> <span class='ocrx_word' id='word_1_113' title='bbox 646 2051 676 2097; x_wconf 83' lang='lat' dir='ltr'>v.</span> <span class='ocrx_word' id='word_1_114' title='bbox 698 2033 737 2096; x_wconf 85' lang='grc'>21</span> <span class='ocrx_word' id='word_1_115' title='bbox 760 2049 805 2114; x_wconf 91' lang='lat' dir='ltr'>sq.</span> <span class='ocrx_word' id='word_1_116' title='bbox 848 2031 959 2096; x_wconf 87' lang='lat' dir='ltr'>Nonne</span> <span class='ocrx_word' id='word_1_117' title='bbox 984 2031 1109 2113; x_wconf 90' lang='lat' dir='ltr'>insuper</span> <span class='ocrx_word' id='word_1_118' title='bbox 1132 2029 1210 2095; x_wconf 90' lang='lat' dir='ltr'>satis</span> <span class='ocrx_word' id='word_1_119' title='bbox 1237 2028 1344 2110; x_wconf 86' lang='lat' dir='ltr'>inepta</span> 
     </span>
     <span class='ocr_line' id='line_1_16' title="bbox 248 2135 1342 2223; baseline -0.005 -20"><span class='ocrx_word' id='word_1_120' title='bbox 248 2139 294 2203; x_wconf 90' lang='lat' dir='ltr'>est</span> <span class='ocrx_word' id='word_1_121' title='bbox 316 2157 351 2203; x_wconf 87' lang='lat' dir='ltr'>ea</span> <span class='ocrx_word' id='word_1_122' title='bbox 373 2159 434 2221; x_wconf 90' lang='lat' dir='ltr'>qua</span> <span class='ocrx_word' id='word_1_123' title='bbox 455 2141 556 2205; x_wconf 89' lang='lat' dir='ltr'>utitur</span> <span class='ocrx_word' id='word_1_124' title='bbox 578 2142 725 2223; x_wconf 87' lang='lat' dir='ltr'>temporis</span> <span class='ocrx_word' id='word_1_125' title='bbox 748 2138 911 2204; x_wconf 78' lang='lat' dir='ltr'>definitio?</span> <span class='ocrx_word' id='word_1_126' title='bbox 952 2139 1115 2206; x_wconf 87' lang='lat' dir='ltr'>Praeterea</span> <span class='ocrx_word' id='word_1_127' title='bbox 1141 2138 1234 2203; x_wconf 85' lang='lat' dir='ltr'>verba</span> <span class='ocrx_word' id='word_1_128' title='bbox 1260 2135 1342 2218; x_wconf 81' lang='grc' dir='ltr'><strong><em>σῶμ’</em></strong></span> 
     </span>
     <span class='ocr_line' id='line_1_17' title="bbox 249 2235 1343 2332; baseline -0.003 -22"><span class='ocrx_word' id='word_1_129' title='bbox 249 2238 419 2332; x_wconf 79' lang='grc' dir='ltr'><strong><em>ἐρημώσας</em></strong></span> <span class='ocrx_word' id='word_1_130' title='bbox 441 2241 519 2328; x_wconf 79' lang='grc' dir='ltr'><strong><em>ἐμόν</em></strong></span> <span class='ocrx_word' id='word_1_131' title='bbox 541 2267 602 2312; x_wconf 90' lang='lat' dir='ltr'>non</span> <span class='ocrx_word' id='word_1_132' title='bbox 618 2247 784 2313; x_wconf 90' lang='lat' dir='ltr'>ostendunt</span> <span class='ocrx_word' id='word_1_133' title='bbox 799 2246 986 2330; x_wconf 86' lang='lat' dir='ltr'>elegantiam</span> <span class='ocrx_word' id='word_1_134' title='bbox 1002 2245 1217 2328; x_wconf 79' lang='lat' dir='ltr'>Ituripideam3</span> <span class='ocrx_word' id='word_1_135' title='bbox 1237 2235 1343 2310; x_wconf 81' lang='grc' dir='ltr'><strong><em>ἇΐσοιο</em></strong></span> 
     </span>
     <span class='ocr_line' id='line_1_18' title="bbox 250 2353 1345 2440; baseline -0.002 -20"><span class='ocrx_word' id='word_1_136' title='bbox 250 2356 288 2420; x_wconf 95' lang='lat' dir='ltr'>de</span> <span class='ocrx_word' id='word_1_137' title='bbox 310 2355 460 2438; x_wconf 89' lang='lat' dir='ltr'>pendente</span> <span class='ocrx_word' id='word_1_138' title='bbox 485 2355 636 2440; x_wconf 86' lang='lat' dir='ltr'>Polydoro</span> <span class='ocrx_word' id='word_1_139' title='bbox 660 2357 741 2422; x_wconf 87' lang='lat' dir='ltr'>male</span> <span class='ocrx_word' id='word_1_140' title='bbox 770 2355 889 2420; x_wconf 90' lang='lat' dir='ltr'>dictum</span> <span class='ocrx_word' id='word_1_141' title='bbox 913 2355 973 2436; x_wconf 82' lang='lat' dir='ltr'>est3</span> <span class='ocrx_word' id='word_1_142' title='bbox 1004 2374 1102 2438; x_wconf 89' lang='lat' dir='ltr'>neque</span> <span class='ocrx_word' id='word_1_143' title='bbox 1126 2355 1175 2419; x_wconf 89' lang='lat' dir='ltr'>uti</span> <span class='ocrx_word' id='word_1_144' title='bbox 1203 2353 1345 2419; x_wconf 88' lang='lat' dir='ltr'>solebant</span> 
     </span>
     <span class='ocr_line' id='line_1_19' title="bbox 248 2463 1344 2548; baseline -0.002 -19"><span class='ocrx_word' id='word_1_145' title='bbox 248 2465 362 2548; x_wconf 85' lang='lat' dir='ltr'>tragici</span> <span class='ocrx_word' id='word_1_146' title='bbox 383 2465 425 2539; x_wconf 46' lang='lat' dir='ltr'>in,</span> <span class='ocrx_word' id='word_1_147' title='bbox 437 2466 588 2530; x_wconf 84' lang='lat' dir='ltr'>trimetris</span> <span class='ocrx_word' id='word_1_148' title='bbox 608 2464 711 2530; x_wconf 85' lang='lat' dir='ltr'>soluta</span> <span class='ocrx_word' id='word_1_149' title='bbox 732 2464 823 2529; x_wconf 91' lang='lat' dir='ltr'>huius</span> <span class='ocrx_word' id='word_1_150' title='bbox 845 2465 931 2530; x_wconf 83' lang='lat' dir='ltr'>verbi</span> <span class='ocrx_word' id='word_1_151' title='bbox 945 2465 1045 2529; x_wconf 87' lang='lat' dir='ltr'>forma</span> <span class='ocrx_word' id='word_1_152' title='bbox 1060 2482 1121 2529; x_wconf 89' lang='lat' dir='ltr'>uno</span> <span class='ocrx_word' id='word_1_153' title='bbox 1136 2463 1247 2529; x_wconf 86' lang='lat' dir='ltr'>Aesch.</span> <span class='ocrx_word' id='word_1_154' title='bbox 1259 2463 1344 2528; x_wconf 88' lang='lat' dir='ltr'>Pers.</span> 
     </span>
     <span class='ocr_line' id='line_1_20' title="bbox 249 2572 1345 2656; baseline -0.002 -18"><span class='ocrx_word' id='word_1_155' title='bbox 249 2593 278 2638; x_wconf 84' lang='lat' dir='ltr'>v.</span> <span class='ocrx_word' id='word_1_156' title='bbox 294 2575 356 2638; x_wconf 84' lang='grc'>465</span> <span class='ocrx_word' id='word_1_157' title='bbox 379 2575 502 2656; x_wconf 82' lang='lat' dir='ltr'>excepto</span> <span class='ocrx_word' id='word_1_158' title='bbox 511 2575 543 2654; x_wconf 91' lang='grc'>1).</span> <span class='ocrx_word' id='word_1_159' title='bbox 589 2574 796 2656; x_wconf 80' lang='lat' dir='ltr'>Quamobrem</span> <span class='ocrx_word' id='word_1_160' title='bbox 816 2590 886 2639; x_wconf 89' lang='lat' dir='ltr'>oum</span> <span class='ocrx_word' id='word_1_161' title='bbox 901 2575 1055 2640; x_wconf 89' lang='lat' dir='ltr'>Usenerus</span> <span class='ocrx_word' id='word_1_162' title='bbox 1069 2593 1098 2640; x_wconf 86' lang='lat' dir='ltr'>v.</span> <span class='ocrx_word' id='word_1_163' title='bbox 1116 2573 1241 2638; x_wconf 82' lang='lat'>30-34</span> <span class='ocrx_word' id='word_1_164' title='bbox 1252 2572 1345 2636; x_wconf 81' lang='lat' dir='ltr'>Pluri-</span> 
     </span>
     <span class='ocr_line' id='line_1_21' title="bbox 248 2681 1342 2772; baseline -0.002 -26"><span class='ocrx_word' id='word_1_165' title='bbox 248 2682 312 2764; x_wconf 93' lang='lat' dir='ltr'>pidi</span> <span class='ocrx_word' id='word_1_166' title='bbox 345 2683 583 2761; x_wconf 82' lang='lat' dir='ltr'>abiudioauerit,</span> <span class='ocrx_word' id='word_1_167' title='bbox 615 2701 672 2766; x_wconf 90' lang='lat' dir='ltr'>ego</span> <span class='ocrx_word' id='word_1_168' title='bbox 695 2684 789 2749; x_wconf 87' lang='lat' dir='ltr'>etiam</span> <span class='ocrx_word' id='word_1_169' title='bbox 819 2683 881 2772; x_wconf 82' lang='lat' dir='ltr'>duo</span> <span class='ocrx_word' id='word_1_170' title='bbox 902 2701 1008 2748; x_wconf 83' lang='lat' dir='ltr'>versus</span> <span class='ocrx_word' id='word_1_171' title='bbox 1029 2681 1245 2765; x_wconf 79' lang='lat' dir='ltr'>praesedentes</span> <span class='ocrx_word' id='word_1_172' title='bbox 1267 2698 1342 2745; x_wconf 91' lang='lat' dir='ltr'>num</span> 
     </span>
     <span class='ocr_line' id='line_1_22' title="bbox 248 2789 1425 2878; baseline 0 -22"><span class='ocrx_word' id='word_1_173' title='bbox 248 2792 375 2878; x_wconf 84' lang='lat' dir='ltr'>genuini</span> <span class='ocrx_word' id='word_1_174' title='bbox 388 2792 452 2856; x_wconf 86' lang='lat' dir='ltr'>sint</span> <span class='ocrx_word' id='word_1_175' title='bbox 466 2792 556 2856; x_wconf 87' lang='lat' dir='ltr'>valde</span> <span class='ocrx_word' id='word_1_176' title='bbox 570 2791 688 2857; x_wconf 89' lang='lat' dir='ltr'>dubito.</span> <span class='ocrx_word' id='word_1_177' title='bbox 718 2791 970 2857; x_wconf 87' lang='lat' dir='ltr'>Molestissimum</span> <span class='ocrx_word' id='word_1_178' title='bbox 990 2791 1072 2856; x_wconf 90' lang='lat' dir='ltr'>enim</span> <span class='ocrx_word' id='word_1_179' title='bbox 1087 2792 1134 2857; x_wconf 89' lang='lat' dir='ltr'>est</span> <span class='ocrx_word' id='word_1_180' title='bbox 1153 2789 1345 2874; x_wconf 87' lang='lat' dir='ltr'>Polydorum</span> <span class='ocrx_word' id='word_1_181' title='bbox 1422 2805 1425 2818; x_wconf 88' lang='grc'><strong>’</strong></span> 
     </span>
     <span class='ocr_line' id='line_1_23' title="bbox 248 2890 1345 2984; baseline -0.003 -19"><span class='ocrx_word' id='word_1_182' title='bbox 248 2902 281 2966; x_wconf 92' lang='lat' dir='ltr'>in</span> <span class='ocrx_word' id='word_1_183' title='bbox 304 2919 414 2966; x_wconf 89' lang='lat' dir='ltr'>scaena</span> <span class='ocrx_word' id='word_1_184' title='bbox 437 2901 626 2982; x_wconf 85' lang='lat' dir='ltr'>praesentem</span> <span class='ocrx_word' id='word_1_185' title='bbox 649 2899 763 2966; x_wconf 88' lang='lat' dir='ltr'>dicere:</span> <span class='ocrx_word' id='word_1_186' title='bbox 788 2904 899 2982; x_wconf 79' lang='grc' dir='ltr'><strong><em>κεῖμαι</em></strong></span> <span class='ocrx_word' id='word_1_187' title='bbox 918 2900 947 2965; x_wconf 81' lang='grc' dir='ltr'>δ’</span> <span class='ocrx_word' id='word_1_188' title='bbox 971 2899 1023 2965; x_wconf 79' lang='grc' dir='ltr'>ἐπ’</span> <span class='ocrx_word' id='word_1_189' title='bbox 1046 2890 1148 2984; x_wconf 77' lang='grc' dir='ltr'><strong><em>ἀκτῆς</em></strong></span> <span class='ocrx_word' id='word_1_190' title='bbox 1168 2918 1224 2983; x_wconf 92' lang='lat' dir='ltr'>pro</span> <span class='ocrx_word' id='word_1_191' title='bbox 1246 2892 1284 2962; x_wconf 83' lang='grc' dir='ltr'>ιό</span> <span class='ocrx_word' id='word_1_192' title='bbox 1308 2895 1345 2962; x_wconf 79' lang='grc' dir='ltr'>δὲ</span> 
     </span>
     <span class='ocr_line' id='line_1_24' title="bbox 249 3004 1344 3092; baseline -0.003 -17"><span class='ocrx_word' id='word_1_193' title='bbox 249 3004 344 3092; x_wconf 84' lang='grc' dir='ltr'><strong><em>σῶμά</em></strong></span> <span class='ocrx_word' id='word_1_194' title='bbox 369 3032 433 3090; x_wconf 87' lang='grc' dir='ltr'>μου</span> <span class='ocrx_word' id='word_1_195' title='bbox 460 3012 574 3074; x_wconf 79' lang='grc' dir='ltr'><strong><em>κεῖται.</em></strong></span> <span class='ocrx_word' id='word_1_196' title='bbox 618 3009 757 3092; x_wconf 86' lang='lat' dir='ltr'>Apparet</span> <span class='ocrx_word' id='word_1_197' title='bbox 779 3010 884 3074; x_wconf 90' lang='lat' dir='ltr'>autem</span> <span class='ocrx_word' id='word_1_198' title='bbox 910 3009 1019 3076; x_wconf 90' lang='lat' dir='ltr'>fictum</span> <span class='ocrx_word' id='word_1_199' title='bbox 1042 3027 1105 3074; x_wconf 90' lang='lat' dir='ltr'>esse</span> <span class='ocrx_word' id='word_1_200' title='bbox 1131 3009 1234 3073; x_wconf 87' lang='lat' dir='ltr'>totum</span> <span class='ocrx_word' id='word_1_201' title='bbox 1262 3007 1344 3072; x_wconf 90' lang='lat' dir='ltr'>huno</span> 
     </span>
     <span class='ocr_line' id='line_1_25' title="bbox 249 3116 1344 3197; baseline -0.005 -12"><span class='ocrx_word' id='word_1_202' title='bbox 249 3121 350 3185; x_wconf 90' lang='lat' dir='ltr'>locum</span> <span class='ocrx_word' id='word_1_203' title='bbox 382 3121 421 3185; x_wconf 88' lang='lat' dir='ltr'>ab</span> <span class='ocrx_word' id='word_1_204' title='bbox 442 3119 652 3197; x_wconf 87' lang='lat' dir='ltr'>histrionibus,</span> <span class='ocrx_word' id='word_1_205' title='bbox 687 3137 756 3183; x_wconf 89' lang='lat' dir='ltr'>cum</span> <span class='ocrx_word' id='word_1_206' title='bbox 785 3136 928 3184; x_wconf 82' lang='lat' dir='ltr'>scaenam</span> <span class='ocrx_word' id='word_1_207' title='bbox 954 3118 1100 3184; x_wconf 88' lang='lat' dir='ltr'>Hecubae</span> <span class='ocrx_word' id='word_1_208' title='bbox 1125 3116 1344 3182; x_wconf 85' lang='lat' dir='ltr'>immutarent:</span> 
     </span>
     <span class='ocr_line' id='line_1_26' title="bbox 250 3225 1345 3312; baseline -0.003 -19"><span class='ocrx_word' id='word_1_209' title='bbox 250 3229 411 3311; x_wconf 79' lang='lat' dir='ltr'>Euripides</span> <span class='ocrx_word' id='word_1_210' title='bbox 432 3227 620 3312; x_wconf 90' lang='lat' dir='ltr'>Polydorum</span> <span class='ocrx_word' id='word_1_211' title='bbox 652 3227 685 3291; x_wconf 92' lang='lat' dir='ltr'>in</span> <span class='ocrx_word' id='word_1_212' title='bbox 710 3245 853 3293; x_wconf 83' lang='lat' dir='ltr'>scaenam</span> <span class='ocrx_word' id='word_1_213' title='bbox 880 3227 1076 3308; x_wconf 92' lang='lat' dir='ltr'>procedere</span> <span class='ocrx_word' id='word_1_214' title='bbox 1100 3226 1211 3305; x_wconf 82' lang='lat' dir='ltr'>voluit,</span> <span class='ocrx_word' id='word_1_215' title='bbox 1242 3225 1291 3290; x_wconf 90' lang='lat' dir='ltr'>illi</span> <span class='ocrx_word' id='word_1_216' title='bbox 1311 3225 1345 3290; x_wconf 92' lang='lat' dir='ltr'>in</span> 
     </span>
     <span class='ocr_line' id='line_1_27' title="bbox 249 3323 1346 3421; baseline -0.004 -19"><span class='ocrx_word' id='word_1_217' title='bbox 249 3356 359 3416; x_wconf 81' lang='lat' dir='ltr'>scaena</span> <span class='ocrx_word' id='word_1_218' title='bbox 381 3337 551 3419; x_wconf 89' lang='lat' dir='ltr'>pendere,</span> <span class='ocrx_word' id='word_1_219' title='bbox 579 3337 616 3401; x_wconf 91' lang='lat' dir='ltr'>ut</span> <span class='ocrx_word' id='word_1_220' title='bbox 637 3337 711 3402; x_wconf 94' lang='lat' dir='ltr'>dum</span> <span class='ocrx_word' id='word_1_221' title='bbox 733 3337 896 3420; x_wconf 89' lang='lat' dir='ltr'>prologum</span> <span class='ocrx_word' id='word_1_222' title='bbox 917 3323 1073 3414; x_wconf 79' lang='lat' dir='ltr'>recitaret,</span> <span class='ocrx_word' id='word_1_223' title='bbox 1096 3333 1242 3400; x_wconf 88' lang='lat' dir='ltr'>Hecubae</span> <span class='ocrx_word' id='word_1_224' title='bbox 1264 3328 1346 3421; x_wconf 77' lang='grc' dir='ltr'><strong><em>φάν-</em></strong></span> 
     </span>
     <span class='ocr_line' id='line_1_28' title="bbox 249 3443 1345 3529; baseline -0.005 -15"><span class='ocrx_word' id='word_1_225' title='bbox 249 3467 356 3528; x_wconf 65' lang='grc' dir='ltr'><strong><em>τασμα</em></strong></span> <span class='ocrx_word' id='word_1_226' title='bbox 377 3447 546 3529; x_wconf 86' lang='lat' dir='ltr'>appareret.</span> <span class='ocrx_word' id='word_1_227' title='bbox 592 3447 709 3512; x_wconf 82' lang='lat' dir='ltr'>Tamen</span> <span class='ocrx_word' id='word_1_228' title='bbox 723 3445 889 3527; x_wconf 90' lang='lat' dir='ltr'>pessimum</span> <span class='ocrx_word' id='word_1_229' title='bbox 907 3464 935 3511; x_wconf 85' lang='lat' dir='ltr'>v.</span> <span class='ocrx_word' id='word_1_230' title='bbox 953 3447 993 3509; x_wconf 84' lang='lat'>32</span> <span class='ocrx_word' id='word_1_231' title='bbox 1015 3445 1121 3527; x_wconf 89' lang='lat' dir='ltr'>postea</span> <span class='ocrx_word' id='word_1_232' title='bbox 1143 3443 1267 3509; x_wconf 91' lang='lat' dir='ltr'>demum</span> <span class='ocrx_word' id='word_1_233' title='bbox 1289 3443 1345 3510; x_wconf 93' lang='lat' dir='ltr'>ad-</span> 
     </span>
     <span class='ocr_line' id='line_1_29' title="bbox 250 3552 1345 3638; baseline -0.002 -18"><span class='ocrx_word' id='word_1_234' title='bbox 250 3555 352 3620; x_wconf 90' lang='lat' dir='ltr'>ditum</span> <span class='ocrx_word' id='word_1_235' title='bbox 376 3563 459 3638; x_wconf 85' lang='lat' dir='ltr'>puto,</span> <span class='ocrx_word' id='word_1_236' title='bbox 482 3556 518 3620; x_wconf 82' lang='lat' dir='ltr'>ut</span> <span class='ocrx_word' id='word_1_237' title='bbox 545 3556 626 3620; x_wconf 87' lang='lat' dir='ltr'>clare</span> <span class='ocrx_word' id='word_1_238' title='bbox 648 3554 732 3620; x_wconf 90' lang='lat' dir='ltr'>diota</span> <span class='ocrx_word' id='word_1_239' title='bbox 754 3555 848 3619; x_wconf 86' lang='lat' dir='ltr'>etiam</span> <span class='ocrx_word' id='word_1_240' title='bbox 873 3554 1005 3619; x_wconf 88' lang='lat' dir='ltr'>clariora</span> <span class='ocrx_word' id='word_1_241' title='bbox 1028 3553 1145 3618; x_wconf 84' lang='lat' dir='ltr'>fierent.</span> <span class='ocrx_word' id='word_1_242' title='bbox 1166 3587 1206 3598; x_wconf 90' lang='lat'><em>-</em></span> <span class='ocrx_word' id='word_1_243' title='bbox 1229 3552 1345 3618; x_wconf 85' lang='lat' dir='ltr'>Cadere</span> 
     </span>
     <span class='ocr_line' id='line_1_30' title="bbox 250 3662 873 3730; baseline -0.002 -2"><span class='ocrx_word' id='word_1_244' title='bbox 250 3664 355 3728; x_wconf 91' lang='lat' dir='ltr'>autem</span> <span class='ocrx_word' id='word_1_245' title='bbox 378 3681 446 3728; x_wconf 92' lang='lat' dir='ltr'>cum</span> <span class='ocrx_word' id='word_1_246' title='bbox 470 3663 534 3729; x_wconf 89' lang='lat' dir='ltr'>illis</span> <span class='ocrx_word' id='word_1_247' title='bbox 556 3663 694 3730; x_wconf 88' lang='lat' dir='ltr'>versibus</span> <span class='ocrx_word' id='word_1_248' title='bbox 716 3663 811 3728; x_wconf 86' lang='lat' dir='ltr'>etiam</span> <span class='ocrx_word' id='word_1_249' title='bbox 833 3662 873 3727; x_wconf 84' lang='lat'>54</span> 
     </span>
     <span class='ocr_line' id='line_1_31' title="bbox 413 3761 1181 3856; baseline -0.004 -20"><span class='ocrx_word' id='word_1_250' title='bbox 413 3761 660 3856; x_wconf 79' lang='grc' dir='ltr'><strong><em>Ἀγαμέμνονος,</em></strong></span> <span class='ocrx_word' id='word_1_251' title='bbox 683 3764 858 3856; x_wconf 76' lang='grc' dir='ltr'><strong><em>φάντασμα</em></strong></span> <span class='ocrx_word' id='word_1_252' title='bbox 879 3768 1076 3852; x_wconf 78' lang='lat' dir='ltr'>daepcc&#39;roco’</span> <span class='ocrx_word' id='word_1_253' title='bbox 1101 3763 1181 3852; x_wconf 77' lang='grc' dir='ltr'><strong><em>ἐμόν</em></strong></span> 
     </span>
    </p>

    <p class='ocr_par' dir='ltr' id='par_1_3' title="bbox 250 3877 1345 3963">
     <span class='ocr_line' id='line_1_32' title="bbox 250 3877 1345 3963; baseline -0.002 -19"><span class='ocrx_word' id='word_1_254' title='bbox 250 3881 300 3944; x_wconf 83' lang='lat' dir='ltr'>vir</span> <span class='ocrx_word' id='word_1_255' title='bbox 321 3897 397 3963; x_wconf 88' lang='lat' dir='ltr'>opus</span> <span class='ocrx_word' id='word_1_256' title='bbox 419 3884 466 3946; x_wconf 89' lang='lat' dir='ltr'>est</span> <span class='ocrx_word' id='word_1_257' title='bbox 484 3877 649 3963; x_wconf 85' lang='lat' dir='ltr'>monere¹),</span> <span class='ocrx_word' id='word_1_258' title='bbox 679 3881 834 3963; x_wconf 89' lang='lat' dir='ltr'>simulque</span> <span class='ocrx_word' id='word_1_259' title='bbox 854 3899 890 3946; x_wconf 91' lang='lat' dir='ltr'>ea</span> <span class='ocrx_word' id='word_1_260' title='bbox 911 3880 1068 3946; x_wconf 83' lang='lat' dir='ltr'>evanescit</span> <span class='ocrx_word' id='word_1_261' title='bbox 1088 3879 1267 3957; x_wconf 87' lang='lat' dir='ltr'>difficultas,</span> <span class='ocrx_word' id='word_1_262' title='bbox 1290 3896 1345 3945; x_wconf 89' lang='lat' dir='ltr'>cur</span> 
     </span>
    </p>
   </div>
   <div class='ocr_carea' id='block_1_3' title="bbox 252 4057 449 4068">
    <p class='ocr_par' dir='ltr' id='par_1_4' title="bbox 252 4057 449 4068">
     <span class='ocr_line' id='line_1_33' title="bbox 252 4057 449 4068; baseline 0.005 -2"><span class='ocrx_word' id='word_1_263' title='bbox 252 4057 449 4068; x_wconf 74' lang='lat'><em>--—--.-.-</em></span> 
     </span>
    </p>
   </div>
   <div class='ocr_carea' id='block_1_4' title="bbox 350 4148 1343 4219">
    <p class='ocr_par' dir='ltr' id='par_1_5' title="bbox 350 4148 1343 4219">
     <span class='ocr_line' id='line_1_34' title="bbox 350 4148 1343 4219; baseline 0 -17"><span class='ocrx_word' id='word_1_264' title='bbox 350 4148 377 4217; x_wconf 88' lang='lat'>1)</span> <span class='ocrx_word' id='word_1_265' title='bbox 397 4150 437 4202; x_wconf 82' lang='lat' dir='ltr'>At</span> <span class='ocrx_word' id='word_1_266' title='bbox 455 4148 527 4204; x_wconf 91' lang='lat' dir='ltr'>Med.</span> <span class='ocrx_word' id='word_1_267' title='bbox 546 4149 632 4205; x_wconf 86' lang='lat' dir='ltr'>habet</span> <span class='ocrx_word' id='word_1_268' title='bbox 650 4151 704 4216; x_wconf 79' lang='grc' dir='ltr'><strong><em>ἴησ’</em></strong></span> <span class='ocrx_word' id='word_1_269' title='bbox 722 4149 740 4203; x_wconf 91' lang='lat' dir='ltr'>i.</span> <span class='ocrx_word' id='word_1_270' title='bbox 760 4165 783 4202; x_wconf 89' lang='lat' dir='ltr'>e.</span> <span class='ocrx_word' id='word_1_271' title='bbox 803 4151 866 4215; x_wconf 60' lang='lat' dir='ltr'>syce</span> <span class='ocrx_word' id='word_1_272' title='bbox 902 4148 979 4219; x_wconf 83' lang='lat' dir='ltr'>Ergo</span> <span class='ocrx_word' id='word_1_273' title='bbox 997 4149 1082 4204; x_wconf 77' lang='lat' dir='ltr'>etiem</span> <span class='ocrx_word' id='word_1_274' title='bbox 1099 4149 1146 4205; x_wconf 90' lang='lat' dir='ltr'>hic</span> <span class='ocrx_word' id='word_1_275' title='bbox 1163 4150 1239 4204; x_wconf 84' lang='lat' dir='ltr'>locus</span> <span class='ocrx_word' id='word_1_276' title='bbox 1262 4166 1343 4219; x_wconf 87' lang='lat' dir='ltr'>repu-</span> 
     </span>
    </p>
   </div>
   <div class='ocr_carea' id='block_1_5' title="bbox 153 4245 1344 4318">
    <p class='ocr_par' dir='ltr' id='par_1_6' title="bbox 153 4245 1344 4318">
     <span class='ocr_line' id='line_1_35' title="bbox 153 4245 1344 4318; baseline 0.001 -17"><span class='ocrx_word' id='word_1_277' title='bbox 153 4307 157 4316; x_wconf 54' lang='grc'><strong>,</strong></span> <span class='ocrx_word' id='word_1_278' title='bbox 248 4264 336 4318; x_wconf 83' lang='lat' dir='ltr'>gnam</span> <span class='ocrx_word' id='word_1_279' title='bbox 354 4246 501 4301; x_wconf 85' lang='lat' dir='ltr'>evanescit.</span> <span class='ocrx_word' id='word_1_280' title='bbox 672 4249 698 4314; x_wconf 78' lang='lat'>2)</span> <span class='ocrx_word' id='word_1_281' title='bbox 717 4247 800 4302; x_wconf 89' lang='lat' dir='ltr'>Hunc</span> <span class='ocrx_word' id='word_1_282' title='bbox 817 4263 928 4317; x_wconf 84' lang='lat' dir='ltr'>quoque</span> <span class='ocrx_word' id='word_1_283' title='bbox 946 4265 1056 4302; x_wconf 85' lang='lat' dir='ltr'>versum</span> <span class='ocrx_word' id='word_1_284' title='bbox 1074 4247 1180 4302; x_wconf 85' lang='lat' dir='ltr'>delevit</span> <span class='ocrx_word' id='word_1_285' title='bbox 1197 4245 1344 4302; x_wconf 83' lang='lat' dir='ltr'>Usenerus.</span> 
     </span>
    </p>
   </div>
   <div class='ocr_carea' id='block_1_6' title="bbox 249 4335 1121 4428">
    <p class='ocr_par' dir='ltr' id='par_1_7' title="bbox 249 4335 1121 4428">
     <span class='ocr_line' id='line_1_36' title="bbox 249 4335 1121 4428; baseline 0.003 -33"><span class='ocrx_word' id='word_1_286' title='bbox 249 4341 325 4396; x_wconf 87' lang='lat' dir='ltr'>Idem</span> <span class='ocrx_word' id='word_1_287' title='bbox 343 4345 437 4428; x_wconf 78' lang='lat' dir='ltr'>monet</span> <span class='ocrx_word' id='word_1_288' title='bbox 455 4361 480 4397; x_wconf 89' lang='lat' dir='ltr'>v.</span> <span class='ocrx_word' id='word_1_289' title='bbox 500 4344 533 4398; x_wconf 84' lang='lat'>29</span> <span class='ocrx_word' id='word_1_290' title='bbox 553 4335 643 4402; x_wconf 70' lang='grc' dir='ltr'><strong><em>ἄλλοις</em></strong></span> <span class='ocrx_word' id='word_1_291' title='bbox 659 4361 710 4414; x_wconf 89' lang='lat' dir='ltr'>pro</span> <span class='ocrx_word' id='word_1_292' title='bbox 729 4345 839 4403; x_wconf 78' lang='grc' dir='ltr'><strong><em>πολλοῖς</em></strong></span> <span class='ocrx_word' id='word_1_293' title='bbox 858 4341 1034 4416; x_wconf 83' lang='lat' dir='ltr'>scribendum</span> <span class='ocrx_word' id='word_1_294' title='bbox 1054 4359 1121 4398; x_wconf 86' lang='lat' dir='ltr'>esse.</span> 
     </span>
    </p>
   </div>
   <div class='ocr_carea' id='block_1_7' title="bbox 0 0 1547 4960">
    <p class='ocr_par' dir='ltr' id='par_1_8' title="bbox 0 0 1547 4960">
     <span class='ocr_line' id='line_1_37' title="bbox 0 0 1547 4960; baseline 0 0"><span class='ocrx_word' id='word_1_295' title='bbox 0 0 1547 4960; x_wconf 95' lang='lat' dir='ltr'> </span> 
     </span>
    </p>
   </div>
  </div>
 </body>
</html>
