3080 4960
759 389 796 442 28

362 553 480 638 Ἣλος
497 559 526 624 ‹i'
546 553 686 647 ἀδελφοί
706 562 742 625 θ’
765 551 835 628 οἶσι
855 556 1030 644 πρεσβεύει
1050 561 1141 647 γένος

371 665 494 752 {pterim
517 661 605 733 ὅπου
626 669 685 752 γῆς
705 661 830 752 πύργον
851 663 1056 752 οὶκιοὺμεθα,

370 768 517 865 &reieci
539 769 787 859 ἄπωθώμεσθα
808 771 894 859 πρὸς
913 777 988 860 βίαν
1008 771 1131 858 χθονός

228 901 412 986 Euripidem
440 921 512 968 esse.
556 902 605 969 Ac
630 903 765 984 primum
793 903 917 987 quidem
948 903 1126 970 eduliorum
1147 905 1235 988 Hylli
1262 903 1324 970 iru-

228 1011 314 1077 trum
337 1010 458 1076 nullum
479 1010 513 1076 in
541 1011 649 1078 fabulo
677 1012 844 1095 vestigium
872 1015 1017 1096 apparet3
1044 1013 1324 1079 commemorantur

229 1119 320 1186 Diod.
343 1119 389 1186 IV
411 1119 461 1199 57,
483 1121 512 1185 2.
554 1119 662 1202 Neque
683 1139 795 1199 rerum,
819 1141 899 1204 quae
919 1122 971 1186 hic
991 1122 1168 1192 narrentur.
1191 1120 1257 1186 ulla
1278 1121 1325 1186 est

228 1229 261 1294 in
284 1228 394 1294 ceteris
414 1228 539 1295 iebulse
562 1228 702 1311 pertibus
725 1231 888 1296 memorie:
915 1230 1047 1314 Hyllum
1068 1230 1221 1296 sociorum
1243 1247 1324 1296 erer-

228 1337 328 1403 eitum
348 1338 408 1404 sibl
428 1355 553 1420 parasse
571 1339 715 1405 audimus
737 1358 767 1405 r.
791 1341 862 1406 664.
904 1339 1051 1404 Inscitiae
1071 1340 1176 1406 sutem
1197 1337 1325 1425 liuguae

229 1445 366 1512 Greecce
389 1447 549 1514 luculente
577 1448 714 1531 exempla
735 1448 808 1514 suut
830 1448 923 1515 verbu
944 1437 1013 1514 οἶσι
1035 1441 1213 1531 πρεσβεύει
1233 1445 1325 1532 γένος
1386 1535 1390 1542 Ι

229 1557 262 1622 ot
281 1549 369 1621 ὅπου
389 1561 449 1642 γῆς
468 1551 598 1641 πύργον
618 1551 824 1640 οἶκιούμεθα.
867 1558 977 1642 Itaque
992 1557 1087 1624 etiam
1102 1558 1158 1623 hos
1178 1558 1241 1624 ires
1256 1574 1325 1622 ver·

231 1683 283 1730 sus
303 1665 480 1732 obiciemus.
523 1665 632 1749 Neque
652 1665 863 1732 desideramus
877 1665 965 1750 Hylli
985 1667 1019 1731 in
1042 1665 1170 1750 prologo
1192 1682 1324 1730 commo·

230 1773 443 1856 moraliorem,
475 1774 656 1860 praesertim
675 1793 749 1840 cum
768 1793 822 1857 per
845 1775 945 1840 totam
967 1773 1106 1840 fabulam
1126 1773 1160 1838 in
1180 1791 1324 1838 screnum

230 1904 290 1952 non
315 1883 454 1967 prodeat
507 1883 583 1966 Quis
615 1885 719 1950 auteur
747 1883 827 1950 esset
858 1883 987 1967 Hyllus,
1022 1882 1131 1950 stetim
1159 1882 1324 1965 postquam

230 2012 341 2060 nomeu
361 1994 427 2059 eius
443 1993 579 2076 primum
601 1993 747 2076 apperuit
767 1993 868 2074 (639),
900 1991 1018 2057 discere
1039 1991 1184 2076 poterent
1204 1989 1325 2074 specte·

231 2103 312 2170 tores
333 2121 363 2168 v.
378 2102 450 2167 659.
470 2135 512 2146 -
533 2101 559 2166 ll
579 2099 701 2185 prologi
721 2100 918 2167 conclusione
937 2100 1002 2166 iem
1024 2102 1118 2184 supra
1138 2099 1325 2166 removimus

231 2229 260 2276 u.
282 2212 332 2276 51.
376 2209 575 2276 Addidenmt
600 2210 758 2292 praeterea
785 2209 950 2276 histriones
978 2210 1041 2275 ires
1064 2229 1170 2276 versus
1200 2208 1324 2274 52-54

231 2317 305 2385 falsi
324 2311 459 2395 πάθους
479 2316 598 2401 plenos:
791 2323 801 2350 ⁸

377 2428 408 2510 ω’
428 2447 537 2528 μῖσος,
559 2437 627 2509 εἴθ’
651 2432 743 2510 ὄλοιο
764 2437 812 2523 χώ
835 2442 973 2526 πέμψας
996 2442 1057 2526 [o']
1079 2433 1172 2531 ἆνήρ·

378 2551 425 2631 ὥς
445 2546 552 2618 πολλὰ
573 2545 686 2637 δήκαὶ
707 2554 808 2618 τῶνδε
829 2549 964 2637 γενναίῳ
985 2551 1087 2634 πατρὶ

379 2661 415 2728 ἐκ
434 2662 531 2728 τοῦδε
552 2651 676 2727 ruricoli
697 2659 861 2742 στόματος
883 2649 1029 2748 ἤγγειλας
1051 2654 1142 2739 κακά,

232 2789 396 2874 inquibus
419 2790 477 2855 hoc
497 2807 622 2872 prorsus
645 2787 916 2868 intolerabilem,
947 2787 1030 2872 quod
1052 2788 1153 2854 versui
1175 2789 1216 2854 52
1237 2789 1324 2856 subi·

231 2898 311 2964 citur
333 2916 426 2966 cause
445 2896 667 2962 absurdissime
674 2893 710 2979 ¹).
742 2897 847 2980 Atque
862 2896 1070 2980 Eurystheum
1083 2897 1198 2963 multos
1213 2916 1324 2980 graves

231 3007 351 3072 laborm
371 3004 553 3088 imposuisse
571 3003 699 3071 Herculi
715 3003 913 3070 notissimum
936 3006 998 3072 est:
1020 3024 1072 3089 per
1093 3024 1274 3090 praeconem
1296 3006 1325 3072 ei

231 3115 315 3182 mele
334 3115 493 3182 nuntiasse
515 3113 663 3180 confiteor
683 3131 733 3178 me
754 3113 900 3198 ignorare
928 3131 1026 3198 neque
1052 3114 1130 3178 scire
1155 3113 1247 3180 huius
1277 3114 1325 3180 ia-

231 3226 322 3294 bulee
342 3226 526 3309 interpretes
547 3245 582 3290 er
602 3223 728 3290 silentio
749 3241 855 3290 eorum
876 3221 1034 3288 concludo.

471 3441 501 3506 5.
545 3439 598 3506 De
619 3437 901 3504 Andromaches
921 3434 1085 3519 prologo.

331 3591 420 3674 Quod
442 3591 593 3656 iudicium
610 3588 833 3671 Aristophanes
849 3585 1019 3670 Byzantius
1042 3585 1075 3650 in
1090 3585 1326 3652 Andromachae

231 3703 416 3786 argumento
437 3700 474 3766 de
495 3701 623 3784 prologo
643 3699 734 3764 huius
750 3696 872 3764 fabulae
886 3695 976 3761 tulit:
999 3688 1017 3757 ὃ
1033 3689 1196 3780 πρόλογος
1210 3697 1326 3780 σαφῶς

231 3810 284 3875 καὶ
306 3805 447 3894 εὐλόγως
468 3805 635 3894 εἰρημένος
656 3825 762 3874 verum
784 3807 962 3888 iustumque
985 3823 1050 3870 esse
1077 3823 1165 3870 nemo
1187 3804 1326 3888 negabit.

233 3919 326 3987 OEnru
358 3919 439 3985 enim
471 3919 502 3984 et
531 3917 680 3984 distinete
713 3915 852 3981 oratione
876 3912 1096 3979 Andromache
1124 3913 1156 3978 in
1185 3911 1325 3980 Thetidis

336 4171 362 4241 1)
380 4169 459 4224 Hono
477 4169 536 4228 iere
553 4170 718 4228 sententium
737 4171 939 4240 superterram
960 4164 1133 4238 „Grudeliter
1145 4163 1219 4222 euim
1237 4167 1267 4222 et
1283 4179 1324 4222 u·

233 4269 311 4324 eidus
329 4283 380 4322 uos
397 4267 620 4336 persequimini!
